<?xml version="1.0" encoding="UTF-8"?>
<!DOCTYPE html PUBLIC "-//W3C//DTD XHTML 1.0 Transitional//EN"
    "http://www.w3.org/TR/xhtml1/DTD/xhtml1-transitional.dtd">
<html xmlns="http://www.w3.org/1999/xhtml" xml:lang="en" lang="en">
 <head>
  <title>
</title>
<meta http-equiv="Content-Type" content="text/html;charset=utf-8" />
  <meta name='ocr-system' content='tesseract 3.04.00' />
  <meta name='ocr-capabilities' content='ocr_page ocr_carea ocr_par ocr_line ocrx_word'/>
</head>
<body>
  <div class='ocr_page' id='page_1' title='image "./nuntiaturberich01deugoog_0565.png"; bbox 0 0 3859 5575; ppageno 0'>
   <div class='ocr_carea' id='block_1_1' title="bbox 678 429 2446 526">
    <p class='ocr_par' dir='ltr' id='par_1_1' title="bbox 678 429 2446 526">
     <span class='ocr_line' id='line_1_1' title="bbox 678 429 2446 526; baseline 0.001 -7"><span class='ocrx_word' id='word_1_1' title='bbox 678 453 789 526; x_wconf 73' lang='grc'><strong>550</strong></span> <span class='ocrx_word' id='word_1_2' title='bbox 1617 450 1716 521; x_wconf 68' lang='lat' dir='ltr'><strong>No.</strong></span> <span class='ocrx_word' id='word_1_3' title='bbox 1756 468 1888 522; x_wconf 82' lang='lat'>121:</span> <span class='ocrx_word' id='word_1_4' title='bbox 1927 454 2067 522; x_wconf 79' lang='lat'>1546</span> <span class='ocrx_word' id='word_1_5' title='bbox 2106 464 2336 522; x_wconf 81' lang='lat' dir='ltr'><strong>Februar</strong></span> <span class='ocrx_word' id='word_1_6' title='bbox 2371 429 2446 522; x_wconf 20' lang='grc'><strong>4..</strong></span> 
     </span>
    </p>
   </div>
   <div class='ocr_carea' id='block_1_2' title="bbox 436 656 3351 788">
    <p class='ocr_par' dir='ltr' id='par_1_2' title="bbox 436 656 3351 788">
     <span class='ocr_line' id='line_1_2' title="bbox 436 656 3351 788; baseline 0.001 -63"><span class='ocrx_word' id='word_1_7' title='bbox 436 666 641 788; x_wconf 29' lang='grc' dir='ltr'><strong>Ιίζῗῗὶί</strong></span> <span class='ocrx_word' id='word_1_8' title='bbox 727 771 741 785; x_wconf 91' lang='lat'><strong>.</strong></span> <span class='ocrx_word' id='word_1_9' title='bbox 857 663 929 727; x_wconf 97' lang='lat' dir='ltr'><strong>Io</strong></span> <span class='ocrx_word' id='word_1_10' title='bbox 976 665 1060 727; x_wconf 91' lang='lat' dir='ltr'><strong>mi</strong></span> <span class='ocrx_word' id='word_1_11' title='bbox 1107 662 1387 728; x_wconf 88' lang='lat' dir='ltr'><strong>licentiai</strong></span> <span class='ocrx_word' id='word_1_12' title='bbox 1430 663 1586 728; x_wconf 88' lang='lat' dir='ltr'><strong>hieri</strong></span> <span class='ocrx_word' id='word_1_13' title='bbox 1632 662 1716 728; x_wconf 89' lang='lat' dir='ltr'><strong>da</strong></span> <span class='ocrx_word' id='word_1_14' title='bbox 1761 662 1890 728; x_wconf 88' lang='lat' dir='ltr'><strong>Sua</strong></span> <span class='ocrx_word' id='word_1_15' title='bbox 1936 664 2208 747; x_wconf 71' lang='lat' dir='ltr'><strong>Maesta,</strong></span> <span class='ocrx_word' id='word_1_16' title='bbox 2269 671 2331 728; x_wconf 90' lang='lat' dir='ltr'><strong>et</strong></span> <span class='ocrx_word' id='word_1_17' title='bbox 2388 664 2579 750; x_wconf 87' lang='lat' dir='ltr'><strong>hoggi</strong></span> <span class='ocrx_word' id='word_1_18' title='bbox 2643 665 2803 728; x_wconf 81' lang='lat' dir='ltr'><strong>sarei</strong></span> <span class='ocrx_word' id='word_1_19' title='bbox 2850 665 3080 750; x_wconf 86' lang='lat' dir='ltr'><strong>partito</strong></span> <span class='ocrx_word' id='word_1_20' title='bbox 3126 686 3238 749; x_wconf 85' lang='lat' dir='ltr'><strong>per</strong></span> <span class='ocrx_word' id='word_1_21' title='bbox 3285 656 3351 727; x_wconf 90' lang='lat' dir='ltr'><strong>la</strong></span> 
     </span>
    </p>
   </div>
   <div class='ocr_carea' id='block_1_3' title="bbox 439 768 3456 2463">
    <p class='ocr_par' dir='ltr' id='par_1_3' title="bbox 439 768 3446 1179">
     <span class='ocr_line' id='line_1_3' title="bbox 439 768 3348 860; baseline -0 -26"><span class='ocrx_word' id='word_1_22' title='bbox 439 806 578 860; x_wconf 84' lang='lat' dir='ltr'><strong>Fbr.</strong></span> <span class='ocrx_word' id='word_1_23' title='bbox 608 809 644 859; x_wconf 88' lang='lat'><em>3</em></span> <span class='ocrx_word' id='word_1_24' title='bbox 679 792 788 834; x_wconf 76' lang='lat' dir='ltr'><strong>vla</strong></span> <span class='ocrx_word' id='word_1_25' title='bbox 833 770 897 834; x_wconf 92' lang='lat' dir='ltr'><strong>di</strong></span> <span class='ocrx_word' id='word_1_26' title='bbox 929 770 1225 852; x_wconf 79' lang='lat' dir='ltr'><strong>Francia,</strong></span> <span class='ocrx_word' id='word_1_27' title='bbox 1274 793 1398 835; x_wconf 90' lang='lat' dir='ltr'><strong>non</strong></span> <span class='ocrx_word' id='word_1_28' title='bbox 1447 769 1578 835; x_wconf 90' lang='lat' dir='ltr'><strong>solo</strong></span> <span class='ocrx_word' id='word_1_29' title='bbox 1625 793 1744 835; x_wconf 93' lang='lat' dir='ltr'><strong>con</strong></span> <span class='ocrx_word' id='word_1_30' title='bbox 1793 770 1962 835; x_wconf 92' lang='lat' dir='ltr'><strong>bona</strong></span> <span class='ocrx_word' id='word_1_31' title='bbox 2006 773 2212 857; x_wconf 86' lang='lat' dir='ltr'><strong>gratia</strong></span> <span class='ocrx_word' id='word_1_32' title='bbox 2259 794 2391 853; x_wconf 85' lang='lat' dir='ltr'><strong>sua,</strong></span> <span class='ocrx_word' id='word_1_33' title='bbox 2438 794 2547 835; x_wconf 89' lang='lat' dir='ltr'><strong>ma</strong></span> <span class='ocrx_word' id='word_1_34' title='bbox 2591 794 2705 857; x_wconf 90' lang='lat' dir='ltr'><strong>per</strong></span> <span class='ocrx_word' id='word_1_35' title='bbox 2750 793 2862 835; x_wconf 90' lang='lat' dir='ltr'><strong>suo</strong></span> <span class='ocrx_word' id='word_1_36' title='bbox 2910 768 3231 855; x_wconf 79' lang='lat' dir='ltr'><strong>consigliO,</strong></span> <span class='ocrx_word' id='word_1_37' title='bbox 3280 792 3348 834; x_wconf 85' lang='lat' dir='ltr'><strong>se</strong></span> 
     </span>
     <span class='ocr_line' id='line_1_4' title="bbox 680 876 3350 965; baseline 0 -24"><span class='ocrx_word' id='word_1_38' title='bbox 680 899 804 941; x_wconf 93' lang='lat' dir='ltr'><strong>non</strong></span> <span class='ocrx_word' id='word_1_39' title='bbox 863 879 950 941; x_wconf 90' lang='lat' dir='ltr'><strong>mi</strong></span> <span class='ocrx_word' id='word_1_40' title='bbox 1005 877 1173 942; x_wconf 88' lang='lat' dir='ltr'><strong>fusse</strong></span> <span class='ocrx_word' id='word_1_41' title='bbox 1233 885 1395 943; x_wconf 82' lang='lat' dir='ltr'><strong>stato</strong></span> <span class='ocrx_word' id='word_1_42' title='bbox 1454 880 1827 942; x_wconf 77' lang='lat' dir='ltr'>necessitato</span> <span class='ocrx_word' id='word_1_43' title='bbox 1887 886 2123 942; x_wconf 89' lang='lat' dir='ltr'><strong>restare</strong></span> <span class='ocrx_word' id='word_1_44' title='bbox 2181 901 2296 965; x_wconf 88' lang='lat' dir='ltr'><strong>per</strong></span> <span class='ocrx_word' id='word_1_45' title='bbox 2353 877 2508 943; x_wconf 81' lang='lat' dir='ltr'><strong>salta</strong></span> <span class='ocrx_word' id='word_1_46' title='bbox 2563 879 2641 941; x_wconf 91' lang='lat' dir='ltr'><strong>de</strong></span> <span class='ocrx_word' id='word_1_47' title='bbox 2702 877 2962 960; x_wconf 81' lang='lat' dir='ltr'><strong>cavalli,</strong></span> <span class='ocrx_word' id='word_1_48' title='bbox 3024 884 3088 942; x_wconf 92' lang='lat' dir='ltr'><strong>et</strong></span> <span class='ocrx_word' id='word_1_49' title='bbox 3144 876 3350 942; x_wconf 87' lang='lat' dir='ltr'><strong>anche</strong></span> 
     </span>
     <span class='ocr_line' id='line_1_5' title="bbox 679 982 3350 1071; baseline -0 -23"><span class='ocrx_word' id='word_1_50' title='bbox 679 1007 794 1071; x_wconf 88' lang='lat' dir='ltr'><strong>per</strong></span> <span class='ocrx_word' id='word_1_51' title='bbox 838 992 1151 1071; x_wconf 86' lang='lat' dir='ltr'><strong>aspettare</strong></span> <span class='ocrx_word' id='word_1_52' title='bbox 1199 1008 1328 1050; x_wconf 90' lang='lat' dir='ltr'><strong>una</strong></span> <span class='ocrx_word' id='word_1_53' title='bbox 1372 984 1596 1050; x_wconf 87' lang='lat' dir='ltr'><strong>lettera</strong></span> <span class='ocrx_word' id='word_1_54' title='bbox 1642 984 1706 1048; x_wconf 90' lang='lat' dir='ltr'><strong>di</strong></span> <span class='ocrx_word' id='word_1_55' title='bbox 1751 1007 1941 1049; x_wconf 86' lang='lat' dir='ltr'><strong>mano</strong></span> <span class='ocrx_word' id='word_1_56' title='bbox 1989 985 2055 1050; x_wconf 92' lang='lat' dir='ltr'><strong>di</strong></span> <span class='ocrx_word' id='word_1_57' title='bbox 2087 984 2221 1050; x_wconf 84' lang='lat' dir='ltr'><strong>Sua</strong></span> <span class='ocrx_word' id='word_1_58' title='bbox 2251 985 2512 1067; x_wconf 69' lang='lat' dir='ltr'><strong>Maesta,</strong></span> <span class='ocrx_word' id='word_1_59' title='bbox 2560 984 2677 1049; x_wconf 90' lang='lat' dir='ltr'><strong>che</strong></span> <span class='ocrx_word' id='word_1_60' title='bbox 2724 983 2786 1049; x_wconf 90' lang='lat' dir='ltr'><strong>la</strong></span> <span class='ocrx_word' id='word_1_61' title='bbox 2833 986 2918 1049; x_wconf 86' lang='lat' dir='ltr'><strong>mi</strong></span> <span class='ocrx_word' id='word_1_62' title='bbox 2965 983 3128 1047; x_wconf 85' lang='lat' dir='ltr'><strong>disse</strong></span> <span class='ocrx_word' id='word_1_63' title='bbox 3174 982 3350 1048; x_wconf 87' lang='lat' dir='ltr'><strong>voler</strong></span> 
     </span>
     <span class='ocr_line' id='line_1_6' title="bbox 681 1089 3446 1179; baseline 0 -25"><span class='ocrx_word' id='word_1_64' title='bbox 681 1092 955 1156; x_wconf 81' lang='lat' dir='ltr'><strong>scrivere</strong></span> <span class='ocrx_word' id='word_1_65' title='bbox 1001 1115 1041 1156; x_wconf 88' lang='lat' dir='ltr'><strong>a</strong></span> <span class='ocrx_word' id='word_1_66' title='bbox 1086 1092 1317 1158; x_wconf 88' lang='lat' dir='ltr'><strong>Nostro</strong></span> <span class='ocrx_word' id='word_1_67' title='bbox 1365 1092 1633 1179; x_wconf 87' lang='lat' dir='ltr'><strong>Signore</strong></span> <span class='ocrx_word' id='word_1_68' title='bbox 1678 1099 1742 1157; x_wconf 87' lang='lat' dir='ltr'><strong>et</strong></span> <span class='ocrx_word' id='word_1_69' title='bbox 1788 1091 1905 1157; x_wconf 91' lang='lat' dir='ltr'><strong>che</strong></span> <span class='ocrx_word' id='word_1_70' title='bbox 1953 1092 2041 1155; x_wconf 89' lang='lat' dir='ltr'><strong>mi</strong></span> <span class='ocrx_word' id='word_1_71' title='bbox 2097 1089 2529 1156; x_wconf 86' lang='lat' dir='ltr'><strong>mandarebbe</strong></span> <span class='ocrx_word' id='word_1_72' title='bbox 2589 1099 2810 1178; x_wconf 83' lang='lat' dir='ltr'><strong>questa</strong></span> <span class='ocrx_word' id='word_1_73' title='bbox 2869 1113 3011 1155; x_wconf 90' lang='lat' dir='ltr'><strong>sera</strong></span> <span class='ocrx_word' id='word_1_74' title='bbox 3056 1089 3163 1153; x_wconf 85' lang='lat' dir='ltr'><strong>dal</strong></span> <span class='ocrx_word' id='word_1_75' title='bbox 3206 1089 3348 1155; x_wconf 90' lang='lat' dir='ltr'><strong>loco</strong></span> <span class='ocrx_word' id='word_1_76' title='bbox 3408 1103 3446 1155; x_wconf 84' lang='lat'>5</span> 
     </span>
    </p>

    <p class='ocr_par' dir='ltr' id='par_1_4' title="bbox 444 1196 3449 1714">
     <span class='ocr_line' id='line_1_7' title="bbox 444 1196 3349 1286; baseline 0 -27"><span class='ocrx_word' id='word_1_77' title='bbox 444 1206 583 1260; x_wconf 82' lang='lat' dir='ltr'><strong>Fbr.</strong></span> <span class='ocrx_word' id='word_1_78' title='bbox 617 1208 652 1259; x_wconf 86' lang='lat'><strong><em>5</em></strong></span> <span class='ocrx_word' id='word_1_79' title='bbox 687 1198 849 1263; x_wconf 88' lang='lat' dir='ltr'><strong>dove</strong></span> <span class='ocrx_word' id='word_1_80' title='bbox 895 1199 1296 1265; x_wconf 89' lang='lat' dir='ltr'><strong>dormirebbe</strong></span> <span class='ocrx_word' id='word_1_81' title='bbox 1329 1203 1397 1286; x_wconf 89' lang='lat'><strong>¹).</strong></span> <span class='ocrx_word' id='word_1_82' title='bbox 1475 1200 1751 1283; x_wconf 85' lang='lat' dir='ltr'><strong>domani,</strong></span> <span class='ocrx_word' id='word_1_83' title='bbox 1799 1199 2109 1286; x_wconf 85' lang='lat' dir='ltr'><strong>piacendo</strong></span> <span class='ocrx_word' id='word_1_84' title='bbox 2142 1222 2181 1263; x_wconf 87' lang='lat' dir='ltr'><strong>a</strong></span> <span class='ocrx_word' id='word_1_85' title='bbox 2211 1198 2357 1279; x_wconf 84' lang='lat' dir='ltr'><strong>Dio,</strong></span> <span class='ocrx_word' id='word_1_86' title='bbox 2405 1221 2587 1285; x_wconf 88' lang='lat' dir='ltr'><strong>spero</strong></span> <span class='ocrx_word' id='word_1_87' title='bbox 2634 1197 2716 1262; x_wconf 86' lang='lat' dir='ltr'><strong>ad</strong></span> <span class='ocrx_word' id='word_1_88' title='bbox 2764 1199 2910 1283; x_wconf 87' lang='lat' dir='ltr'><strong>ogni</strong></span> <span class='ocrx_word' id='word_1_89' title='bbox 2956 1196 3145 1262; x_wconf 89' lang='lat' dir='ltr'><strong>modo</strong></span> <span class='ocrx_word' id='word_1_90' title='bbox 3190 1197 3349 1260; x_wconf 86' lang='lat' dir='ltr'><strong>d’in-</strong></span> 
     </span>
     <span class='ocr_line' id='line_1_8' title="bbox 683 1302 3350 1394; baseline -0.001 -24"><span class='ocrx_word' id='word_1_91' title='bbox 683 1306 914 1370; x_wconf 83' lang='lat' dir='ltr'><strong>viarmi</strong></span> <span class='ocrx_word' id='word_1_92' title='bbox 959 1315 1022 1372; x_wconf 87' lang='lat' dir='ltr'><strong>et</strong></span> <span class='ocrx_word' id='word_1_93' title='bbox 1067 1309 1165 1372; x_wconf 87' lang='lat' dir='ltr'><strong>far</strong></span> <span class='ocrx_word' id='word_1_94' title='bbox 1209 1306 1272 1371; x_wconf 90' lang='lat' dir='ltr'><strong>al</strong></span> <span class='ocrx_word' id='word_1_95' title='bbox 1330 1305 1559 1394; x_wconf 86' lang='lat' dir='ltr'><strong>meglio</strong></span> <span class='ocrx_word' id='word_1_96' title='bbox 1620 1306 1736 1372; x_wconf 86' lang='lat' dir='ltr'><strong>che</strong></span> <span class='ocrx_word' id='word_1_97' title='bbox 1784 1308 1869 1371; x_wconf 92' lang='lat' dir='ltr'><strong>mi</strong></span> <span class='ocrx_word' id='word_1_98' title='bbox 1928 1313 2073 1370; x_wconf 74' lang='lat' dir='ltr'><strong>sara</strong></span> <span class='ocrx_word' id='word_1_99' title='bbox 2128 1305 2422 1394; x_wconf 89' lang='lat' dir='ltr'><strong>possibile</strong></span> <span class='ocrx_word' id='word_1_100' title='bbox 2486 1305 2569 1368; x_wconf 90' lang='lat' dir='ltr'><strong>fin</strong></span> <span class='ocrx_word' id='word_1_101' title='bbox 2618 1329 2657 1369; x_wconf 88' lang='lat' dir='ltr'><strong>a</strong></span> <span class='ocrx_word' id='word_1_102' title='bbox 2701 1302 3057 1387; x_wconf 80' lang='lat' dir='ltr'><strong>Bruxelles‚</strong></span> <span class='ocrx_word' id='word_1_103' title='bbox 3119 1303 3350 1391; x_wconf 65' lang='lat' dir='ltr'><strong>perche</strong></span> 
     </span>
     <span class='ocr_line' id='line_1_9' title="bbox 682 1410 3352 1500; baseline -0.001 -23"><span class='ocrx_word' id='word_1_104' title='bbox 682 1412 748 1477; x_wconf 94' lang='lat' dir='ltr'><strong>di</strong></span> <span class='ocrx_word' id='word_1_105' title='bbox 794 1415 902 1500; x_wconf 89' lang='lat' dir='ltr'><strong>qui</strong></span> <span class='ocrx_word' id='word_1_106' title='bbox 948 1436 988 1477; x_wconf 87' lang='lat' dir='ltr'><strong>a</strong></span> <span class='ocrx_word' id='word_1_107' title='bbox 1031 1413 1090 1478; x_wconf 69' lang='lat' dir='ltr'><strong>la</strong></span> <span class='ocrx_word' id='word_1_108' title='bbox 1137 1413 1363 1479; x_wconf 90' lang='lat' dir='ltr'><strong>dicono</strong></span> <span class='ocrx_word' id='word_1_109' title='bbox 1410 1414 1526 1478; x_wconf 88' lang='lat' dir='ltr'><strong>che</strong></span> <span class='ocrx_word' id='word_1_110' title='bbox 1571 1435 1699 1478; x_wconf 90' lang='lat' dir='ltr'><strong>non</strong></span> <span class='ocrx_word' id='word_1_111' title='bbox 1747 1413 1998 1478; x_wconf 77' lang='lat' dir='ltr'><strong>trovero</strong></span> <span class='ocrx_word' id='word_1_112' title='bbox 2053 1421 2261 1500; x_wconf 77' lang='lat' dir='ltr'><strong>poste,</strong></span> <span class='ocrx_word' id='word_1_113' title='bbox 2324 1435 2436 1499; x_wconf 91' lang='lat' dir='ltr'><strong>per</strong></span> <span class='ocrx_word' id='word_1_114' title='bbox 2497 1413 2719 1477; x_wconf 85' lang='lat' dir='ltr'><strong>essersi</strong></span> <span class='ocrx_word' id='word_1_115' title='bbox 2775 1419 3014 1476; x_wconf 84' lang='lat' dir='ltr'><strong>mutate</strong></span> <span class='ocrx_word' id='word_1_116' title='bbox 3075 1410 3199 1475; x_wconf 90' lang='lat' dir='ltr'><strong>alla</strong></span> <span class='ocrx_word' id='word_1_117' title='bbox 3243 1412 3352 1474; x_wconf 87' lang='lat' dir='ltr'><strong>via</strong></span> 
     </span>
     <span class='ocr_line' id='line_1_10' title="bbox 683 1517 3350 1607; baseline -0 -23"><span class='ocrx_word' id='word_1_118' title='bbox 683 1519 848 1585; x_wconf 89' lang='lat' dir='ltr'><strong>dove</strong></span> <span class='ocrx_word' id='word_1_119' title='bbox 897 1521 1028 1586; x_wconf 87' lang='lat' dir='ltr'><strong>Sua</strong></span> <span class='ocrx_word' id='word_1_120' title='bbox 1075 1521 1316 1586; x_wconf 69' lang='lat' dir='ltr'><strong>Maesta</strong></span> <span class='ocrx_word' id='word_1_121' title='bbox 1364 1520 1399 1584; x_wconf 76' lang='grc' dir='ltr'>ὲ</span> <span class='ocrx_word' id='word_1_122' title='bbox 1443 1522 1548 1585; x_wconf 86' lang='lat' dir='ltr'><strong>ita.</strong></span> <span class='ocrx_word' id='word_1_123' title='bbox 1643 1520 1837 1603; x_wconf 84' lang='lat' dir='ltr'><strong>onde‚</strong></span> <span class='ocrx_word' id='word_1_124' title='bbox 1896 1543 1964 1585; x_wconf 85' lang='lat' dir='ltr'><strong>se</strong></span> <span class='ocrx_word' id='word_1_125' title='bbox 2018 1521 2224 1607; x_wconf 89' lang='lat' dir='ltr'><strong>prima</strong></span> <span class='ocrx_word' id='word_1_126' title='bbox 2281 1518 2446 1584; x_wconf 90' lang='lat' dir='ltr'><strong>della</strong></span> <span class='ocrx_word' id='word_1_127' title='bbox 2500 1519 2625 1583; x_wconf 88' lang='lat' dir='ltr'><strong>fine</strong></span> <span class='ocrx_word' id='word_1_128' title='bbox 2685 1517 2750 1582; x_wconf 89' lang='lat' dir='ltr'><strong>di</strong></span> <span class='ocrx_word' id='word_1_129' title='bbox 2810 1526 3029 1606; x_wconf 88' lang='lat' dir='ltr'><strong>questo</strong></span> <span class='ocrx_word' id='word_1_130' title='bbox 3075 1540 3242 1583; x_wconf 88' lang='lat' dir='ltr'><strong>mese</strong></span> <span class='ocrx_word' id='word_1_131' title='bbox 3288 1520 3350 1583; x_wconf 93' lang='lat' dir='ltr'><strong>io</strong></span> 
     </span>
     <span class='ocr_line' id='line_1_11' title="bbox 685 1626 3449 1714; baseline -0.001 -23"><span class='ocrx_word' id='word_1_132' title='bbox 685 1650 813 1691; x_wconf 91' lang='lat' dir='ltr'><strong>non</strong></span> <span class='ocrx_word' id='word_1_133' title='bbox 860 1629 1001 1693; x_wconf 79' lang='lat' dir='ltr'><strong>saro</strong></span> <span class='ocrx_word' id='word_1_134' title='bbox 1048 1628 1132 1693; x_wconf 85' lang='lat' dir='ltr'><strong>da</strong></span> <span class='ocrx_word' id='word_1_135' title='bbox 1177 1627 1254 1695; x_wconf 90' lang='lat' dir='ltr'><strong>V.</strong></span> <span class='ocrx_word' id='word_1_136' title='bbox 1305 1628 1364 1693; x_wconf 89' lang='lat' dir='ltr'><strong>S.</strong></span> <span class='ocrx_word' id='word_1_137' title='bbox 1414 1627 1582 1711; x_wconf 58' lang='lat' dir='ltr'><strong>Illum,</strong></span> <span class='ocrx_word' id='word_1_138' title='bbox 1630 1629 1723 1693; x_wconf 90' lang='lat' dir='ltr'><strong>sia</strong></span> <span class='ocrx_word' id='word_1_139' title='bbox 1767 1629 2003 1692; x_wconf 86' lang='lat' dir='ltr'><strong>servita</strong></span> <span class='ocrx_word' id='word_1_140' title='bbox 2048 1651 2175 1692; x_wconf 90' lang='lat' dir='ltr'><strong>non</strong></span> <span class='ocrx_word' id='word_1_141' title='bbox 2224 1626 2533 1714; x_wconf 84' lang='lat' dir='ltr'><strong>pigliarne</strong></span> <span class='ocrx_word' id='word_1_142' title='bbox 2578 1626 2995 1691; x_wconf 87' lang='lat' dir='ltr'><strong>admiratione</strong></span> <span class='ocrx_word' id='word_1_143' title='bbox 3022 1627 3096 1705; x_wconf 79' lang='lat'><strong>²).</strong></span> <span class='ocrx_word' id='word_1_144' title='bbox 3376 1638 3449 1690; x_wconf 89' lang='lat'><strong>10</strong></span> 
     </span>
    </p>

    <p class='ocr_par' dir='ltr' id='par_1_5' title="bbox 685 1730 3354 2142">
     <span class='ocr_line' id='line_1_12' title="bbox 864 1730 3351 1800; baseline -0.001 -2"><span class='ocrx_word' id='word_1_145' title='bbox 864 1734 1178 1800; x_wconf 84' lang='lat' dir='ltr'><strong>L&#39;andata</strong></span> <span class='ocrx_word' id='word_1_146' title='bbox 1223 1735 1289 1799; x_wconf 92' lang='lat' dir='ltr'><strong>di</strong></span> <span class='ocrx_word' id='word_1_147' title='bbox 1335 1735 1465 1800; x_wconf 85' lang='lat' dir='ltr'><strong>Sua</strong></span> <span class='ocrx_word' id='word_1_148' title='bbox 1508 1734 1756 1798; x_wconf 65' lang='lat' dir='ltr'><strong>Maesta</strong></span> <span class='ocrx_word' id='word_1_149' title='bbox 1799 1757 1839 1797; x_wconf 89' lang='lat' dir='ltr'><strong>a</strong></span> <span class='ocrx_word' id='word_1_150' title='bbox 1885 1733 2233 1798; x_wconf 83' lang='lat' dir='ltr'><strong>Ratisbona</strong></span> <span class='ocrx_word' id='word_1_151' title='bbox 2280 1734 2315 1795; x_wconf 75' lang='grc' dir='ltr'>ὲ</span> <span class='ocrx_word' id='word_1_152' title='bbox 2361 1755 2481 1798; x_wconf 91' lang='lat' dir='ltr'><strong>con</strong></span> <span class='ocrx_word' id='word_1_153' title='bbox 2531 1731 2696 1797; x_wconf 86' lang='lat' dir='ltr'><strong>bona</strong></span> <span class='ocrx_word' id='word_1_154' title='bbox 2751 1734 3092 1796; x_wconf 87' lang='lat' dir='ltr'><strong>intentione</strong></span> <span class='ocrx_word' id='word_1_155' title='bbox 3137 1739 3200 1795; x_wconf 88' lang='lat' dir='ltr'><strong>et</strong></span> <span class='ocrx_word' id='word_1_156' title='bbox 3245 1730 3351 1795; x_wconf 90' lang='lat' dir='ltr'><strong>de-</strong></span> 
     </span>
     <span class='ocr_line' id='line_1_13' title="bbox 685 1837 3354 1929; baseline -0.001 -24"><span class='ocrx_word' id='word_1_157' title='bbox 685 1841 914 1906; x_wconf 90' lang='lat' dir='ltr'><strong>siderio</strong></span> <span class='ocrx_word' id='word_1_158' title='bbox 960 1842 1029 1907; x_wconf 91' lang='lat' dir='ltr'><strong>di</strong></span> <span class='ocrx_word' id='word_1_159' title='bbox 1072 1842 1171 1906; x_wconf 84' lang='lat' dir='ltr'><strong>far</strong></span> <span class='ocrx_word' id='word_1_160' title='bbox 1214 1841 1360 1929; x_wconf 87' lang='lat' dir='ltr'><strong>quel</strong></span> <span class='ocrx_word' id='word_1_161' title='bbox 1407 1840 1531 1906; x_wconf 92' lang='lat' dir='ltr'><strong>ben</strong></span> <span class='ocrx_word' id='word_1_162' title='bbox 1577 1840 1694 1906; x_wconf 92' lang='lat' dir='ltr'><strong>che</strong></span> <span class='ocrx_word' id='word_1_163' title='bbox 1740 1841 1791 1903; x_wconf 91' lang='lat' dir='ltr'><strong>si</strong></span> <span class='ocrx_word' id='word_1_164' title='bbox 1851 1846 2066 1927; x_wconf 65' lang='lat' dir='ltr'><strong>potra3</strong></span> <span class='ocrx_word' id='word_1_165' title='bbox 2125 1862 2231 1904; x_wconf 90' lang='lat' dir='ltr'><strong>ma</strong></span> <span class='ocrx_word' id='word_1_166' title='bbox 2288 1862 2414 1904; x_wconf 90' lang='lat' dir='ltr'><strong>non</strong></span> <span class='ocrx_word' id='word_1_167' title='bbox 2479 1840 2687 1925; x_wconf 78' lang='lat' dir='ltr'><strong>percio</strong></span> <span class='ocrx_word' id='word_1_168' title='bbox 2744 1837 2827 1903; x_wconf 88' lang='lat' dir='ltr'><strong>ha</strong></span> <span class='ocrx_word' id='word_1_169' title='bbox 2872 1838 3088 1904; x_wconf 86' lang='lat' dir='ltr'><strong>voluto</strong></span> <span class='ocrx_word' id='word_1_170' title='bbox 3146 1861 3354 1903; x_wconf 83' lang='lat' dir='ltr'><strong>essere</strong></span> 
     </span>
     <span class='ocr_line' id='line_1_14' title="bbox 687 1945 3354 2036; baseline -0.001 -24"><span class='ocrx_word' id='word_1_171' title='bbox 687 1946 966 2036; x_wconf 87' lang='lat' dir='ltr'><strong>obligata</strong></span> <span class='ocrx_word' id='word_1_172' title='bbox 1019 1949 1566 2035; x_wconf 88' lang='lat' dir='ltr'><strong>particolarmente</strong></span> <span class='ocrx_word' id='word_1_173' title='bbox 1611 1949 1675 2013; x_wconf 90' lang='lat' dir='ltr'><strong>in</strong></span> <span class='ocrx_word' id='word_1_174' title='bbox 1723 1946 1956 2012; x_wconf 87' lang='lat' dir='ltr'><strong>alcuna</strong></span> <span class='ocrx_word' id='word_1_175' title='bbox 2014 1948 2329 2030; x_wconf 71' lang='lat' dir='ltr'><strong>mamers,</strong></span> <span class='ocrx_word' id='word_1_176' title='bbox 2391 1970 2567 2012; x_wconf 87' lang='lat' dir='ltr'><strong>come</strong></span> <span class='ocrx_word' id='word_1_177' title='bbox 2613 1969 2653 2011; x_wconf 89' lang='lat' dir='ltr'><strong>a</strong></span> <span class='ocrx_word' id='word_1_178' title='bbox 2701 1945 2898 2011; x_wconf 85' lang='lat' dir='ltr'><strong>bocca</strong></span> <span class='ocrx_word' id='word_1_179' title='bbox 2960 1946 3251 2028; x_wconf 76' lang='lat' dir='ltr'><strong>referiro3</strong></span> <span class='ocrx_word' id='word_1_180' title='bbox 3312 1968 3354 2009; x_wconf 88' lang='lat' dir='ltr'><strong>a</strong></span> 
     </span>
     <span class='ocr_line' id='line_1_15' title="bbox 687 2053 2657 2142; baseline -0.001 -24"><span class='ocrx_word' id='word_1_181' title='bbox 687 2053 803 2118; x_wconf 88' lang='lat' dir='ltr'><strong>che</strong></span> <span class='ocrx_word' id='word_1_182' title='bbox 849 2056 884 2117; x_wconf 76' lang='grc' dir='ltr'>ὸ</span> <span class='ocrx_word' id='word_1_183' title='bbox 931 2053 1092 2120; x_wconf 89' lang='lat' dir='ltr'><strong>bene</strong></span> <span class='ocrx_word' id='word_1_184' title='bbox 1138 2056 1204 2121; x_wconf 92' lang='lat' dir='ltr'><strong>di</strong></span> <span class='ocrx_word' id='word_1_185' title='bbox 1249 2056 1575 2142; x_wconf 87' lang='lat' dir='ltr'><strong>riportarsi</strong></span> <span class='ocrx_word' id='word_1_186' title='bbox 1622 2055 1828 2140; x_wconf 88' lang='lat' dir='ltr'><strong>prima</strong></span> <span class='ocrx_word' id='word_1_187' title='bbox 1875 2054 1941 2119; x_wconf 93' lang='lat' dir='ltr'><strong>di</strong></span> <span class='ocrx_word' id='word_1_188' title='bbox 1989 2054 2167 2118; x_wconf 89' lang='lat' dir='ltr'><strong>farne</strong></span> <span class='ocrx_word' id='word_1_189' title='bbox 2214 2054 2372 2118; x_wconf 86' lang='lat' dir='ltr'><strong>altro</strong></span> <span class='ocrx_word' id='word_1_190' title='bbox 2419 2054 2657 2118; x_wconf 86' lang='lat' dir='ltr'><strong>iuditio.</strong></span> 
     </span>
    </p>

    <p class='ocr_par' dir='ltr' id='par_1_6' title="bbox 687 2158 3456 2463">
     <span class='ocr_line' id='line_1_16' title="bbox 865 2158 3456 2248; baseline 0 -23"><span class='ocrx_word' id='word_1_191' title='bbox 865 2162 942 2226; x_wconf 89' lang='lat' dir='ltr'><strong>In</strong></span> <span class='ocrx_word' id='word_1_192' title='bbox 989 2164 1135 2248; x_wconf 87' lang='lat' dir='ltr'><strong>ogni</strong></span> <span class='ocrx_word' id='word_1_193' title='bbox 1183 2162 1393 2227; x_wconf 87' lang='lat' dir='ltr'><strong>officio</strong></span> <span class='ocrx_word' id='word_1_194' title='bbox 1441 2160 1556 2226; x_wconf 88' lang='lat' dir='ltr'><strong>che</strong></span> <span class='ocrx_word' id='word_1_195' title='bbox 1598 2162 1727 2226; x_wconf 89' lang='lat' dir='ltr'><strong>Sua</strong></span> <span class='ocrx_word' id='word_1_196' title='bbox 1767 2162 2017 2227; x_wconf 72' lang='lat' dir='ltr'><strong>Santita</strong></span> <span class='ocrx_word' id='word_1_197' title='bbox 2061 2161 2154 2225; x_wconf 89' lang='lat' dir='ltr'><strong>sia</strong></span> <span class='ocrx_word' id='word_1_198' title='bbox 2198 2183 2313 2247; x_wconf 89' lang='lat' dir='ltr'><strong>per</strong></span> <span class='ocrx_word' id='word_1_199' title='bbox 2360 2162 2492 2225; x_wconf 86' lang='lat' dir='ltr'><strong>sare</strong></span> <span class='ocrx_word' id='word_1_200' title='bbox 2538 2163 2787 2225; x_wconf 82' lang='lat' dir='ltr'><strong>intorno</strong></span> <span class='ocrx_word' id='word_1_201' title='bbox 2834 2159 2954 2225; x_wconf 86' lang='lat' dir='ltr'><strong>alle</strong></span> <span class='ocrx_word' id='word_1_202' title='bbox 2999 2183 3143 2225; x_wconf 92' lang='lat' dir='ltr'><strong>cose</strong></span> <span class='ocrx_word' id='word_1_203' title='bbox 3187 2158 3357 2224; x_wconf 90' lang='lat' dir='ltr'><strong>della</strong></span> <span class='ocrx_word' id='word_1_204' title='bbox 3385 2173 3456 2225; x_wconf 85' lang='lat'><strong>15</strong></span> 
     </span>
     <span class='ocr_line' id='line_1_17' title="bbox 687 2266 3355 2355; baseline -0.001 -22"><span class='ocrx_word' id='word_1_205' title='bbox 687 2291 864 2355; x_wconf 88' lang='lat' dir='ltr'><strong>pace,</strong></span> <span class='ocrx_word' id='word_1_206' title='bbox 913 2268 1044 2334; x_wconf 89' lang='lat' dir='ltr'><strong>Sua</strong></span> <span class='ocrx_word' id='word_1_207' title='bbox 1089 2269 1335 2334; x_wconf 66' lang='lat' dir='ltr'><strong>Maesta</strong></span> <span class='ocrx_word' id='word_1_208' title='bbox 1380 2269 1650 2334; x_wconf 83' lang='lat' dir='ltr'><strong>exclude</strong></span> <span class='ocrx_word' id='word_1_209' title='bbox 1696 2267 1758 2332; x_wconf 92' lang='lat' dir='ltr'><strong>la</strong></span> <span class='ocrx_word' id='word_1_210' title='bbox 1804 2290 2077 2354; x_wconf 90' lang='lat' dir='ltr'><strong>persona</strong></span> <span class='ocrx_word' id='word_1_211' title='bbox 2135 2268 2202 2332; x_wconf 92' lang='lat' dir='ltr'><strong>di</strong></span> <span class='ocrx_word' id='word_1_212' title='bbox 2248 2267 2325 2331; x_wconf 93' lang='lat' dir='ltr'><strong>V.</strong></span> <span class='ocrx_word' id='word_1_213' title='bbox 2374 2268 2433 2332; x_wconf 83' lang='lat' dir='ltr'><strong>S.</strong></span> <span class='ocrx_word' id='word_1_214' title='bbox 2482 2268 2610 2331; x_wconf 53' lang='lat' dir='ltr'><strong>RQ·</strong></span> <span class='ocrx_word' id='word_1_215' title='bbox 2654 2290 2766 2354; x_wconf 88' lang='lat' dir='ltr'><strong>per</strong></span> <span class='ocrx_word' id='word_1_216' title='bbox 2831 2267 2874 2332; x_wconf 92' lang='lat' dir='ltr'><strong>li</strong></span> <span class='ocrx_word' id='word_1_217' title='bbox 2933 2268 3177 2353; x_wconf 86' lang='lat' dir='ltr'><strong>rispetti</strong></span> <span class='ocrx_word' id='word_1_218' title='bbox 3237 2266 3355 2330; x_wconf 90' lang='lat' dir='ltr'><strong>che</strong></span> 
     </span>
     <span class='ocr_line' id='line_1_18' title="bbox 689 2373 3357 2463; baseline -0.001 -24"><span class='ocrx_word' id='word_1_219' title='bbox 689 2378 742 2440; x_wconf 92' lang='lat' dir='ltr'><strong>si</strong></span> <span class='ocrx_word' id='word_1_220' title='bbox 789 2375 1090 2457; x_wconf 81' lang='lat' dir='ltr'><strong>dirann03</strong></span> <span class='ocrx_word' id='word_1_221' title='bbox 1152 2385 1214 2441; x_wconf 90' lang='lat' dir='ltr'><strong>et</strong></span> <span class='ocrx_word' id='word_1_222' title='bbox 1270 2385 1507 2463; x_wconf 84' lang='lat' dir='ltr'><strong>quanto</strong></span> <span class='ocrx_word' id='word_1_223' title='bbox 1563 2398 1788 2441; x_wconf 88' lang='lat' dir='ltr'><strong>manco</strong></span> <span class='ocrx_word' id='word_1_224' title='bbox 1835 2376 1968 2440; x_wconf 87' lang='lat' dir='ltr'><strong>Sua</strong></span> <span class='ocrx_word' id='word_1_225' title='bbox 2012 2374 2412 2439; x_wconf 87' lang='lat' dir='ltr'><strong>Beatitudine</strong></span> <span class='ocrx_word' id='word_1_226' title='bbox 2459 2375 2518 2437; x_wconf 91' lang='lat' dir='ltr'><strong>ci</strong></span> <span class='ocrx_word' id='word_1_227' title='bbox 2563 2374 2732 2457; x_wconf 68' lang='lat' dir='ltr'><strong>fara,</strong></span> <span class='ocrx_word' id='word_1_228' title='bbox 2794 2382 2968 2438; x_wconf 85' lang='lat' dir='ltr'><strong>tanto</strong></span> <span class='ocrx_word' id='word_1_229' title='bbox 3013 2375 3125 2459; x_wconf 67' lang='lat' dir='ltr'><strong>pin</strong></span> <span class='ocrx_word' id='word_1_230' title='bbox 3174 2375 3223 2437; x_wconf 92' lang='lat' dir='ltr'><strong>si</strong></span> <span class='ocrx_word' id='word_1_231' title='bbox 3271 2373 3357 2436; x_wconf 88' lang='lat' dir='ltr'><strong>ha</strong></span> 
     </span>
    </p>
   </div>
   <div class='ocr_carea' id='block_1_4' title="bbox 689 2480 3357 2676">
    <p class='ocr_par' dir='ltr' id='par_1_7' title="bbox 689 2480 3357 2676">
     <span class='ocr_line' id='line_1_19' title="bbox 689 2480 3357 2570; baseline -0.001 -23"><span class='ocrx_word' id='word_1_232' title='bbox 689 2484 798 2570; x_wconf 89' lang='lat' dir='ltr'><strong>qui</strong></span> <span class='ocrx_word' id='word_1_233' title='bbox 845 2484 1140 2569; x_wconf 89' lang='lat' dir='ltr'><strong>opinione</strong></span> <span class='ocrx_word' id='word_1_234' title='bbox 1197 2483 1312 2547; x_wconf 90' lang='lat' dir='ltr'><strong>che</strong></span> <span class='ocrx_word' id='word_1_235' title='bbox 1366 2488 1510 2547; x_wconf 70' lang='lat' dir='ltr'><strong>sara</strong></span> <span class='ocrx_word' id='word_1_236' title='bbox 1553 2506 1593 2546; x_wconf 90' lang='lat' dir='ltr'><strong>a</strong></span> <span class='ocrx_word' id='word_1_237' title='bbox 1638 2483 1993 2569; x_wconf 86' lang='lat' dir='ltr'><strong>proposit0‚</strong></span> <span class='ocrx_word' id='word_1_238' title='bbox 2057 2488 2120 2547; x_wconf 88' lang='lat' dir='ltr'><strong>et</strong></span> <span class='ocrx_word' id='word_1_239' title='bbox 2164 2482 2295 2547; x_wconf 87' lang='lat' dir='ltr'><strong>Sua</strong></span> <span class='ocrx_word' id='word_1_240' title='bbox 2342 2481 2585 2545; x_wconf 71' lang='lat' dir='ltr'><strong>Maesta</strong></span> <span class='ocrx_word' id='word_1_241' title='bbox 2629 2482 2691 2544; x_wconf 91' lang='lat' dir='ltr'><strong>in</strong></span> <span class='ocrx_word' id='word_1_242' title='bbox 2756 2488 2975 2568; x_wconf 86' lang='lat' dir='ltr'><strong>questa</strong></span> <span class='ocrx_word' id='word_1_243' title='bbox 3034 2487 3213 2566; x_wconf 89' lang='lat' dir='ltr'><strong>parte</strong></span> <span class='ocrx_word' id='word_1_244' title='bbox 3271 2480 3357 2544; x_wconf 88' lang='lat' dir='ltr'><strong>ha</strong></span> 
     </span>
     <span class='ocr_line' id='line_1_20' title="bbox 689 2588 1530 2676; baseline 0 -23"><span class='ocrx_word' id='word_1_245' title='bbox 689 2589 934 2676; x_wconf 88' lang='lat' dir='ltr'><strong>parlato</strong></span> <span class='ocrx_word' id='word_1_246' title='bbox 980 2588 1172 2654; x_wconf 86' lang='lat' dir='ltr'><strong>molto</strong></span> <span class='ocrx_word' id='word_1_247' title='bbox 1217 2588 1431 2655; x_wconf 86' lang='lat' dir='ltr'><strong>chiaro</strong></span> <span class='ocrx_word' id='word_1_248' title='bbox 1459 2592 1530 2676; x_wconf 76' lang='lat'><strong>³).</strong></span> 
     </span>
    </p>
   </div>
   <div class='ocr_carea' id='block_1_5' title="bbox 691 2802 3469 4921">
    <p class='ocr_par' dir='ltr' id='par_1_8' title="bbox 693 2802 3451 2948">
     <span class='ocr_line' id='line_1_21' title="bbox 837 2802 3451 2873; baseline -0.002 -14"><span class='ocrx_word' id='word_1_249' title='bbox 837 2804 876 2871; x_wconf 92' lang='lat'><strong>¹)</strong></span> <span class='ocrx_word' id='word_1_250' title='bbox 913 2805 1079 2859; x_wconf 75' lang='lat' dir='ltr'><strong>Nach</strong></span> <span class='ocrx_word' id='word_1_251' title='bbox 1136 2804 1474 2859; x_wconf 70' lang='lat' dir='ltr'><strong>Vandenesse</strong></span> <span class='ocrx_word' id='word_1_252' title='bbox 1519 2820 1581 2872; x_wconf 78' lang='lat' dir='ltr'><strong>p.</strong></span> <span class='ocrx_word' id='word_1_253' title='bbox 1621 2807 1730 2857; x_wconf 87' lang='lat'><strong>330</strong></span> <span class='ocrx_word' id='word_1_254' title='bbox 1774 2804 1902 2857; x_wconf 80' lang='lat' dir='ltr'><strong>kam</strong></span> <span class='ocrx_word' id='word_1_255' title='bbox 1955 2804 2055 2858; x_wconf 82' lang='lat' dir='ltr'><strong>der</strong></span> <span class='ocrx_word' id='word_1_256' title='bbox 2103 2804 2308 2858; x_wconf 78' lang='lat' dir='ltr'><strong>Kaiser</strong></span> <span class='ocrx_word' id='word_1_257' title='bbox 2357 2822 2446 2858; x_wconf 85' lang='lat' dir='ltr'><strong>am</strong></span> <span class='ocrx_word' id='word_1_258' title='bbox 2493 2808 2541 2857; x_wconf 88' lang='lat'><strong>3.</strong></span> <span class='ocrx_word' id='word_1_259' title='bbox 2591 2804 2673 2858; x_wconf 81' lang='lat' dir='ltr'><strong>bis</strong></span> <span class='ocrx_word' id='word_1_260' title='bbox 2720 2802 3126 2873; x_wconf 69' lang='lat' dir='ltr'><strong>Wayeninqen,</strong></span> <span class='ocrx_word' id='word_1_261' title='bbox 3175 2821 3265 2856; x_wconf 84' lang='lat' dir='ltr'><strong>am</strong></span> <span class='ocrx_word' id='word_1_262' title='bbox 3302 2807 3352 2856; x_wconf 75' lang='lat'><strong>4.</strong></span> <span class='ocrx_word' id='word_1_263' title='bbox 3375 2808 3451 2862; x_wconf 78' lang='lat'><strong>20</strong></span> 
     </span>
     <span class='ocr_line' id='line_1_22' title="bbox 693 2894 1070 2948; baseline -0.003 0"><span class='ocrx_word' id='word_1_264' title='bbox 693 2894 776 2948; x_wconf 77' lang='lat' dir='ltr'><strong>bis</strong></span> <span class='ocrx_word' id='word_1_265' title='bbox 811 2895 1070 2948; x_wconf 76' lang='lat' dir='ltr'><strong>Arnhem.</strong></span> 
     </span>
    </p>

    <p class='ocr_par' dir='ltr' id='par_1_9' title="bbox 691 2981 3451 3498">
     <span class='ocr_line' id='line_1_23' title="bbox 835 2981 3358 3052; baseline -0.001 -16"><span class='ocrx_word' id='word_1_266' title='bbox 835 2982 877 3051; x_wconf 80' lang='lat'><strong>²)</strong></span> <span class='ocrx_word' id='word_1_267' title='bbox 914 2985 1023 3037; x_wconf 81' lang='lat' dir='ltr'><strong>Am</strong></span> <span class='ocrx_word' id='word_1_268' title='bbox 1078 2987 1113 3036; x_wconf 87' lang='lat'><strong><em>9</em></strong></span> <span class='ocrx_word' id='word_1_269' title='bbox 1160 2982 1418 3036; x_wconf 72' lang='lat' dir='ltr'><strong>Februar</strong></span> <span class='ocrx_word' id='word_1_270' title='bbox 1472 2982 1734 3035; x_wconf 69' lang='lat' dir='ltr'><strong>erreiclne</strong></span> <span class='ocrx_word' id='word_1_271' title='bbox 1781 2981 2055 3036; x_wconf 75' lang='lat' dir='ltr'><strong>Dandino</strong></span> <span class='ocrx_word' id='word_1_272' title='bbox 2104 2981 2304 3036; x_wconf 78' lang='lat' dir='ltr'><strong>Paris.-</strong></span> <span class='ocrx_word' id='word_1_273' title='bbox 2356 2984 2458 3052; x_wconf 66' lang='grc' dir='ltr'><strong>τρι.</strong></span> <span class='ocrx_word' id='word_1_274' title='bbox 2517 2982 2622 3036; x_wconf 82' lang='lat' dir='ltr'><strong>den</strong></span> <span class='ocrx_word' id='word_1_275' title='bbox 2674 2983 2899 3037; x_wconf 73' lang='lat' dir='ltr'><strong>Bericht</strong></span> <span class='ocrx_word' id='word_1_276' title='bbox 2955 2982 3048 3037; x_wconf 68' lang='lat' dir='ltr'><strong>des</strong></span> <span class='ocrx_word' id='word_1_277' title='bbox 3101 2981 3358 3035; x_wconf 74' lang='lat' dir='ltr'><strong>Nuntius</strong></span> 
     </span>
     <span class='ocr_line' id='line_1_24' title="bbox 691 3070 3357 3140; baseline -0 -14"><span class='ocrx_word' id='word_1_278' title='bbox 691 3072 923 3140; x_wconf 76' lang='lat' dir='ltr'><strong>Ajaccio</strong></span> <span class='ocrx_word' id='word_1_279' title='bbox 971 3089 1086 3126; x_wconf 83' lang='lat' dir='ltr'><strong>vom</strong></span> <span class='ocrx_word' id='word_1_280' title='bbox 1141 3075 1241 3138; x_wconf 69' lang='lat'><strong>10„</strong></span> <span class='ocrx_word' id='word_1_281' title='bbox 1295 3071 1378 3125; x_wconf 80' lang='lat' dir='ltr'><strong>bei</strong></span> <span class='ocrx_word' id='word_1_282' title='bbox 1427 3088 1472 3124; x_wconf 85' lang='lat' dir='ltr'><strong>v.</strong></span> <span class='ocrx_word' id='word_1_283' title='bbox 1524 3070 1747 3136; x_wconf 79' lang='lat' dir='ltr'><strong>Druffel</strong></span> <span class='ocrx_word' id='word_1_284' title='bbox 1791 3070 1891 3123; x_wconf 88' lang='lat' dir='ltr'><strong>IV</strong></span> <span class='ocrx_word' id='word_1_285' title='bbox 1940 3087 2026 3125; x_wconf 65' lang='grc' dir='ltr'><strong>Μ’.</strong></span> <span class='ocrx_word' id='word_1_286' title='bbox 2063 3073 2153 3125; x_wconf 79' lang='grc'><strong>26.</strong></span> <span class='ocrx_word' id='word_1_287' title='bbox 2235 3070 2634 3126; x_wconf 76' lang='lat' dir='ltr'><strong>Ebendaselbst</strong></span> <span class='ocrx_word' id='word_1_288' title='bbox 2682 3088 2768 3125; x_wconf 73' lang='lat' dir='ltr'><strong>nr.</strong></span> <span class='ocrx_word' id='word_1_289' title='bbox 2807 3075 2877 3125; x_wconf 87' lang='lat'><strong>35</strong></span> <span class='ocrx_word' id='word_1_290' title='bbox 2925 3073 3017 3125; x_wconf 76' lang='lat' dir='ltr'><strong>ein</strong></span> <span class='ocrx_word' id='word_1_291' title='bbox 3065 3071 3357 3126; x_wconf 74' lang='lat' dir='ltr'><strong>Schreibcn</strong></span> 
     </span>
     <span class='ocr_line' id='line_1_25' title="bbox 691 3159 3355 3230; baseline -0.001 -14"><span class='ocrx_word' id='word_1_292' title='bbox 691 3161 1069 3230; x_wconf 74' lang='lat' dir='ltr'><strong>Miynanellos</strong></span> <span class='ocrx_word' id='word_1_293' title='bbox 1104 3177 1212 3215; x_wconf 75' lang='lat' dir='ltr'><strong>aus</strong></span> <span class='ocrx_word' id='word_1_294' title='bbox 1246 3159 1389 3213; x_wconf 83' lang='lat' dir='ltr'><strong>Rom</strong></span> <span class='ocrx_word' id='word_1_295' title='bbox 1424 3176 1546 3213; x_wconf 80' lang='lat' dir='ltr'><strong>vom</strong></span> <span class='ocrx_word' id='word_1_296' title='bbox 1580 3162 1656 3213; x_wconf 81' lang='lat'><strong>27</strong></span> <span class='ocrx_word' id='word_1_297' title='bbox 1693 3159 1751 3213; x_wconf 89' lang='lat' dir='ltr'><em>F</em></span> <span class='ocrx_word' id='word_1_298' title='bbox 1744 3159 1964 3227; x_wconf 77' lang='lat' dir='ltr'><strong>ebruar,</strong></span> <span class='ocrx_word' id='word_1_299' title='bbox 2000 3161 2221 3214; x_wconf 73' lang='lat' dir='ltr'><strong>welches</strong></span> <span class='ocrx_word' id='word_1_300' title='bbox 2255 3160 2392 3213; x_wconf 75' lang='lat' dir='ltr'><strong>kurz</strong></span> <span class='ocrx_word' id='word_1_301' title='bbox 2441 3160 2538 3214; x_wconf 77' lang='lat' dir='ltr'><strong>der</strong></span> <span class='ocrx_word' id='word_1_302' title='bbox 2573 3159 2897 3225; x_wconf 60' lang='lat' dir='ltr'><strong>Roeckkunft</strong></span> <span class='ocrx_word' id='word_1_303' title='bbox 2934 3160 3234 3214; x_wconf 75' lang='lat' dir='ltr'><strong>Dandinos</strong></span> <span class='ocrx_word' id='word_1_304' title='bbox 3266 3176 3355 3229; x_wconf 71' lang='grc' dir='ltr'><strong>ρο·</strong></span> 
     </span>
     <span class='ocr_line' id='line_1_26' title="bbox 693 3247 3451 3317; baseline 0 -12"><span class='ocrx_word' id='word_1_305' title='bbox 693 3251 874 3305; x_wconf 73' lang='lat' dir='ltr'><strong>denkt.</strong></span> <span class='ocrx_word' id='word_1_306' title='bbox 944 3250 1127 3314; x_wconf 78' lang='lat' dir='ltr'><strong><em>(Laut</em></strong></span> <span class='ocrx_word' id='word_1_307' title='bbox 1173 3255 1338 3303; x_wconf 71' lang='lat' dir='ltr'><strong>anter</strong></span> <span class='ocrx_word' id='word_1_308' title='bbox 1380 3265 1468 3303; x_wconf 71' lang='lat' dir='ltr'><strong>nr.</strong></span> <span class='ocrx_word' id='word_1_309' title='bbox 1505 3252 1605 3302; x_wconf 88' lang='grc'><strong>131</strong></span> <span class='ocrx_word' id='word_1_310' title='bbox 1656 3247 1860 3313; x_wconf 79' lang='lat' dir='ltr'><strong>befand</strong></span> <span class='ocrx_word' id='word_1_311' title='bbox 1904 3250 2021 3303; x_wconf 77' lang='lat' dir='ltr'><strong>sich</strong></span> <span class='ocrx_word' id='word_1_312' title='bbox 2069 3248 2344 3302; x_wconf 77' lang='lat' dir='ltr'><strong>Dandino</strong></span> <span class='ocrx_word' id='word_1_313' title='bbox 2392 3266 2484 3302; x_wconf 82' lang='lat' dir='ltr'><strong>am</strong></span> <span class='ocrx_word' id='word_1_314' title='bbox 2532 3253 2607 3304; x_wconf 83' lang='lat'><strong>21</strong></span> <span class='ocrx_word' id='word_1_315' title='bbox 2644 3249 2902 3304; x_wconf 59' lang='lat' dir='ltr'><strong>Febr-um-</strong></span> <span class='ocrx_word' id='word_1_316' title='bbox 2949 3251 3013 3302; x_wconf 73' lang='lat' dir='ltr'><strong>in.</strong></span> <span class='ocrx_word' id='word_1_317' title='bbox 3060 3249 3356 3317; x_wconf 76' lang='lat' dir='ltr'><strong>Boloyna.)</strong></span> <span class='ocrx_word' id='word_1_318' title='bbox 3374 3253 3451 3305; x_wconf 79' lang='lat'><strong>25</strong></span> 
     </span>
     <span class='ocr_line' id='line_1_27' title="bbox 691 3333 3358 3407; baseline -0.001 -12"><span class='ocrx_word' id='word_1_319' title='bbox 691 3341 768 3395; x_wconf 75' lang='lat' dir='ltr'><strong>In</strong></span> <span class='ocrx_word' id='word_1_320' title='bbox 803 3356 889 3394; x_wconf 74' lang='lat' dir='ltr'><strong>nr.</strong></span> <span class='ocrx_word' id='word_1_321' title='bbox 919 3343 1022 3393; x_wconf 79' lang='lat'><strong>129</strong></span> <span class='ocrx_word' id='word_1_322' title='bbox 1057 3357 1128 3394; x_wconf 76' lang='lat' dir='ltr'><strong>zu</strong></span> <span class='ocrx_word' id='word_1_323' title='bbox 1154 3338 1391 3407; x_wconf 73' lang='lat' dir='ltr'><strong>Anfany</strong></span> <span class='ocrx_word' id='word_1_324' title='bbox 1418 3338 1667 3392; x_wconf 75' lang='lat' dir='ltr'><strong>erwiilmt</strong></span> <span class='ocrx_word' id='word_1_325' title='bbox 1695 3338 1958 3405; x_wconf 72' lang='lat' dir='ltr'><strong>Formae,</strong></span> <span class='ocrx_word' id='word_1_326' title='bbox 1997 3333 2117 3405; x_wconf 74' lang='lat' dir='ltr'><strong>dafl</strong></span> <span class='ocrx_word' id='word_1_327' title='bbox 2154 3354 2213 3391; x_wconf 82' lang='lat' dir='ltr'><strong>er</strong></span> <span class='ocrx_word' id='word_1_328' title='bbox 2248 3355 2339 3391; x_wconf 83' lang='lat' dir='ltr'><strong>am</strong></span> <span class='ocrx_word' id='word_1_329' title='bbox 2373 3342 2412 3392; x_wconf 79' lang='lat'><strong><em>2</em></strong></span> <span class='ocrx_word' id='word_1_330' title='bbox 2441 3339 2603 3392; x_wconf 68' lang='grc' dir='ltr'><strong>Μᾰνε</strong></span> <span class='ocrx_word' id='word_1_331' title='bbox 2641 3338 2730 3392; x_wconf 79' lang='lat' dir='ltr'><strong>die</strong></span> <span class='ocrx_word' id='word_1_332' title='bbox 2768 3338 3029 3403; x_wconf 77' lang='lat' dir='ltr'><strong>Ankunft</strong></span> <span class='ocrx_word' id='word_1_333' title='bbox 3061 3336 3358 3392; x_wconf 71' lang='lat' dir='ltr'><strong>Dandinos</strong></span> 
     </span>
     <span class='ocr_line' id='line_1_28' title="bbox 691 3427 3353 3498; baseline -0.002 -15"><span class='ocrx_word' id='word_1_334' title='bbox 691 3428 814 3483; x_wconf 74' lang='lat' dir='ltr'><strong>und</strong></span> <span class='ocrx_word' id='word_1_335' title='bbox 842 3429 1183 3498; x_wconf 75' lang='lat' dir='ltr'><strong>Marquinas</strong></span> <span class='ocrx_word' id='word_1_336' title='bbox 1217 3428 1487 3494; x_wconf 72' lang='lat' dir='ltr'><strong>(letzterer</strong></span> <span class='ocrx_word' id='word_1_337' title='bbox 1522 3428 1648 3481; x_wconf 78' lang='lat' dir='ltr'><strong>kam</strong></span> <span class='ocrx_word' id='word_1_338' title='bbox 1684 3444 1774 3480; x_wconf 84' lang='lat' dir='ltr'><strong>am</strong></span> <span class='ocrx_word' id='word_1_339' title='bbox 1808 3431 1931 3482; x_wconf 81' lang='lat'><em>24..·</em></span> <span class='ocrx_word' id='word_1_340' title='bbox 1968 3427 2120 3480; x_wconf 80' lang='lat' dir='ltr'><strong>Mon.</strong></span> <span class='ocrx_word' id='word_1_341' title='bbox 2158 3427 2306 3481; x_wconf 77' lang='lat' dir='ltr'><strong>Tria.</strong></span> <span class='ocrx_word' id='word_1_342' title='bbox 2344 3444 2432 3481; x_wconf 79' lang='lat' dir='ltr'><strong>nr.</strong></span> <span class='ocrx_word' id='word_1_343' title='bbox 2470 3430 2603 3494; x_wconf 78' lang='lat'><strong><em>352)</em></strong></span> <span class='ocrx_word' id='word_1_344' title='bbox 2647 3428 2856 3482; x_wconf 63' lang='lat' dir='ltr'><strong>Ver-allo</strong></span> <span class='ocrx_word' id='word_1_345' title='bbox 2890 3428 3173 3496; x_wconf 64' lang='lat' dir='ltr'><strong>mitgeteilt</strong></span> <span class='ocrx_word' id='word_1_346' title='bbox 3202 3427 3353 3480; x_wconf 79' lang='lat' dir='ltr'><strong>habe.</strong></span> 
     </span>
    </p>

    <p class='ocr_par' dir='ltr' id='par_1_10' title="bbox 694 3515 3469 4921">
     <span class='ocr_line' id='line_1_29' title="bbox 839 3515 3357 3586; baseline -0.002 -13"><span class='ocrx_word' id='word_1_347' title='bbox 839 3517 879 3585; x_wconf 77' lang='lat'><strong>⁸)</strong></span> <span class='ocrx_word' id='word_1_348' title='bbox 921 3518 1142 3573; x_wconf 78' lang='lat' dir='ltr'><em>Obwohl</em></span> <span class='ocrx_word' id='word_1_349' title='bbox 1177 3517 1276 3571; x_wconf 83' lang='lat' dir='ltr'><strong>der</strong></span> <span class='ocrx_word' id='word_1_350' title='bbox 1310 3516 1517 3570; x_wconf 76' lang='lat' dir='ltr'><strong>Kaiser</strong></span> <span class='ocrx_word' id='word_1_351' title='bbox 1550 3517 1718 3571; x_wconf 74' lang='lat' dir='ltr'><strong>sehon</strong></span> <span class='ocrx_word' id='word_1_352' title='bbox 1752 3517 2066 3571; x_wconf 59' lang='lat' dir='ltr'><strong>wieder-holt</strong></span> <span class='ocrx_word' id='word_1_353' title='bbox 2102 3516 2194 3571; x_wconf 77' lang='lat' dir='ltr'><strong>die</strong></span> <span class='ocrx_word' id='word_1_354' title='bbox 2226 3517 2530 3586; x_wconf 76' lang='lat' dir='ltr'><strong>pc‘ipstliche</strong></span> <span class='ocrx_word' id='word_1_355' title='bbox 2579 3516 2946 3585; x_wconf 74' lang='lat' dir='ltr'><strong>Vermittlunq</strong></span> <span class='ocrx_word' id='word_1_356' title='bbox 2983 3515 3105 3571; x_wconf 77' lang='lat' dir='ltr'><strong>und</strong></span> <span class='ocrx_word' id='word_1_357' title='bbox 3140 3515 3357 3584; x_wconf 61' lang='lat' dir='ltr'><strong>speeiell</strong></span> 
     </span>
     <span class='ocr_line' id='line_1_30' title="bbox 694 3605 3356 3676; baseline -0.001 -15"><span class='ocrx_word' id='word_1_358' title='bbox 694 3606 786 3661; x_wconf 79' lang='lat' dir='ltr'><strong>die</strong></span> <span class='ocrx_word' id='word_1_359' title='bbox 831 3606 1094 3676; x_wconf 72' lang='lat' dir='ltr'><strong>Senduny</strong></span> <span class='ocrx_word' id='word_1_360' title='bbox 1142 3608 1288 3661; x_wconf 74' lang='lat' dir='ltr'><strong>eines</strong></span> <span class='ocrx_word' id='word_1_361' title='bbox 1334 3606 1586 3675; x_wconf 74' lang='lat' dir='ltr'><strong>Leyaten</strong></span> <span class='ocrx_word' id='word_1_362' title='bbox 1635 3606 1964 3674; x_wconf 74' lang='lat' dir='ltr'><strong>abycwiesen</strong></span> <span class='ocrx_word' id='word_1_363' title='bbox 2013 3606 2188 3673; x_wconf 76' lang='lat' dir='ltr'><strong>hatte,</strong></span> <span class='ocrx_word' id='word_1_364' title='bbox 2242 3605 2443 3659; x_wconf 77' lang='lat' dir='ltr'><strong>konnte</strong></span> <span class='ocrx_word' id='word_1_365' title='bbox 2492 3622 2547 3660; x_wconf 79' lang='lat' dir='ltr'><strong>es</strong></span> <span class='ocrx_word' id='word_1_366' title='bbox 2597 3605 2693 3660; x_wconf 82' lang='lat' dir='ltr'><strong>der</strong></span> <span class='ocrx_word' id='word_1_367' title='bbox 2744 3606 2921 3674; x_wconf 77' lang='lat' dir='ltr'><strong>Papst</strong></span> <span class='ocrx_word' id='word_1_368' title='bbox 2970 3606 3124 3659; x_wconf 77' lang='lat' dir='ltr'><strong>nicht</strong></span> <span class='ocrx_word' id='word_1_369' title='bbox 3167 3610 3356 3658; x_wconf 74' lang='lat' dir='ltr'><strong>unter-</strong></span> 
     </span>
     <span class='ocr_line' id='line_1_31' title="bbox 695 3692 3455 3764; baseline 0 -14"><span class='ocrx_word' id='word_1_370' title='bbox 695 3697 891 3764; x_wconf 70' lang='lat' dir='ltr'><strong>tasson,</strong></span> <span class='ocrx_word' id='word_1_371' title='bbox 927 3697 1118 3751; x_wconf 76' lang='lat' dir='ltr'><strong>imme-r</strong></span> <span class='ocrx_word' id='word_1_372' title='bbox 1154 3694 1356 3751; x_wconf 76' lang='lat' dir='ltr'><strong>wieder</strong></span> <span class='ocrx_word' id='word_1_373' title='bbox 1385 3693 1500 3759; x_wconf 78' lang='lat' dir='ltr'><strong>auf</strong></span> <span class='ocrx_word' id='word_1_374' title='bbox 1530 3693 1618 3748; x_wconf 80' lang='lat' dir='ltr'><strong>die</strong></span> <span class='ocrx_word' id='word_1_375' title='bbox 1645 3693 1815 3748; x_wconf 79' lang='lat' dir='ltr'><strong>Sache</strong></span> <span class='ocrx_word' id='word_1_376' title='bbox 1850 3694 2381 3749; x_wconf 68' lang='lat' dir='ltr'><strong>eurackzukommen.</strong></span> <span class='ocrx_word' id='word_1_377' title='bbox 2436 3693 2509 3748; x_wconf 81' lang='lat' dir='ltr'><strong>So</strong></span> <span class='ocrx_word' id='word_1_378' title='bbox 2544 3695 2750 3748; x_wconf 77' lang='lat' dir='ltr'><strong>schricb</strong></span> <span class='ocrx_word' id='word_1_379' title='bbox 2779 3695 3025 3749; x_wconf 76' lang='lat' dir='ltr'><strong>Famese</strong></span> <span class='ocrx_word' id='word_1_380' title='bbox 3061 3712 3153 3748; x_wconf 85' lang='lat' dir='ltr'><strong>am</strong></span> <span class='ocrx_word' id='word_1_381' title='bbox 3191 3697 3223 3746; x_wconf 91' lang='lat'><strong><em>1</em></strong></span> <span class='ocrx_word' id='word_1_382' title='bbox 3252 3692 3355 3747; x_wconf 78' lang='lat' dir='ltr'><strong>Fe·</strong></span> <span class='ocrx_word' id='word_1_383' title='bbox 3375 3697 3455 3750; x_wconf 86' lang='lat'><strong>30</strong></span> 
     </span>
     <span class='ocr_line' id='line_1_32' title="bbox 697 3782 3355 3854; baseline -0.002 -15"><span class='ocrx_word' id='word_1_384' title='bbox 697 3785 872 3839; x_wconf 78' lang='lat' dir='ltr'><strong>bruar</strong></span> <span class='ocrx_word' id='word_1_385' title='bbox 907 3785 1041 3852; x_wconf 73' lang='lat' dir='ltr'><strong>aufe</strong></span> <span class='ocrx_word' id='word_1_386' title='bbox 1075 3801 1213 3840; x_wconf 76' lang='lat' dir='ltr'><strong>neue</strong></span> <span class='ocrx_word' id='word_1_387' title='bbox 1248 3803 1324 3838; x_wconf 77' lang='lat' dir='ltr'><strong>cm</strong></span> <span class='ocrx_word' id='word_1_388' title='bbox 1365 3785 1612 3838; x_wconf 81' lang='lat' dir='ltr'><strong>Verallo:</strong></span> <span class='ocrx_word' id='word_1_389' title='bbox 1650 3782 1765 3838; x_wconf 84' lang='lat' dir='ltr'><strong>Con</strong></span> <span class='ocrx_word' id='word_1_390' title='bbox 1802 3784 1936 3838; x_wconf 83' lang='lat' dir='ltr'><strong>tutti</strong></span> <span class='ocrx_word' id='word_1_391' title='bbox 1974 3783 2012 3836; x_wconf 90' lang='lat' dir='ltr'><strong>li</strong></span> <span class='ocrx_word' id='word_1_392' title='bbox 2040 3782 2210 3838; x_wconf 87' lang='lat' dir='ltr'><strong>officii</strong></span> <span class='ocrx_word' id='word_1_393' title='bbox 2247 3783 2375 3838; x_wconf 83' lang='lat' dir='ltr'><strong>fatti</strong></span> <span class='ocrx_word' id='word_1_394' title='bbox 2413 3783 2485 3838; x_wconf 86' lang='lat' dir='ltr'><strong>da</strong></span> <span class='ocrx_word' id='word_1_395' title='bbox 2521 3784 2588 3838; x_wconf 90' lang='lat' dir='ltr'><strong>V.</strong></span> <span class='ocrx_word' id='word_1_396' title='bbox 2623 3783 2675 3838; x_wconf 87' lang='lat' dir='ltr'><strong>S.</strong></span> <span class='ocrx_word' id='word_1_397' title='bbox 2750 3790 2806 3838; x_wconf 84' lang='lat' dir='ltr'><strong>et</strong></span> <span class='ocrx_word' id='word_1_398' title='bbox 2842 3783 2915 3838; x_wconf 87' lang='lat' dir='ltr'><strong>da</strong></span> <span class='ocrx_word' id='word_1_399' title='bbox 2951 3784 3265 3854; x_wconf 83' lang='lat' dir='ltr'><strong>monsignor</strong></span> <span class='ocrx_word' id='word_1_400' title='bbox 3300 3782 3355 3835; x_wconf 92' lang='lat' dir='ltr'><strong>di</strong></span> 
     </span>
     <span class='ocr_line' id='line_1_33' title="bbox 696 3871 3359 3943; baseline -0.002 -14"><span class='ocrx_word' id='word_1_401' title='bbox 696 3873 924 3929; x_wconf 85' lang='lat' dir='ltr'><strong>Caserta</strong></span> <span class='ocrx_word' id='word_1_402' title='bbox 961 3891 1062 3929; x_wconf 87' lang='lat' dir='ltr'><strong>con</strong></span> <span class='ocrx_word' id='word_1_403' title='bbox 1102 3873 1214 3929; x_wconf 85' lang='lat' dir='ltr'><strong>Sua</strong></span> <span class='ocrx_word' id='word_1_404' title='bbox 1241 3871 1458 3928; x_wconf 68' lang='lat' dir='ltr'><strong>Maesta</strong></span> <span class='ocrx_word' id='word_1_405' title='bbox 1495 3874 1709 3928; x_wconf 83' lang='lat' dir='ltr'><strong>intorno</strong></span> <span class='ocrx_word' id='word_1_406' title='bbox 1746 3873 1800 3927; x_wconf 91' lang='lat' dir='ltr'><strong>al</strong></span> <span class='ocrx_word' id='word_1_407' title='bbox 1828 3872 2201 3927; x_wconf 86' lang='lat' dir='ltr'><strong>stabilimento</strong></span> <span class='ocrx_word' id='word_1_408' title='bbox 2237 3874 2383 3927; x_wconf 87' lang='lat' dir='ltr'><strong>della</strong></span> <span class='ocrx_word' id='word_1_409' title='bbox 2418 3889 2556 3943; x_wconf 88' lang='lat' dir='ltr'><strong>pace</strong></span> <span class='ocrx_word' id='word_1_410' title='bbox 2594 3889 2695 3927; x_wconf 91' lang='lat' dir='ltr'><strong>con</strong></span> <span class='ocrx_word' id='word_1_411' title='bbox 2726 3872 2979 3942; x_wconf 85' lang='lat' dir='ltr'><strong>Francia,</strong></span> <span class='ocrx_word' id='word_1_412' title='bbox 3015 3889 3122 3926; x_wconf 91' lang='lat' dir='ltr'><strong>non</strong></span> <span class='ocrx_word' id='word_1_413' title='bbox 3162 3872 3359 3925; x_wconf 84' lang='lat' dir='ltr'><strong>dovete</strong></span> 
     </span>
     <span class='ocr_line' id='line_1_34' title="bbox 695 3959 3355 4033; baseline -0.001 -16"><span class='ocrx_word' id='word_1_414' title='bbox 695 3970 1108 4033; x_wconf 82' lang='lat' dir='ltr'><strong>pretermettere</strong></span> <span class='ocrx_word' id='word_1_415' title='bbox 1144 3964 1201 4017; x_wconf 91' lang='lat' dir='ltr'><strong>di</strong></span> <span class='ocrx_word' id='word_1_416' title='bbox 1237 3962 1506 4018; x_wconf 85' lang='lat' dir='ltr'><strong>renovarli</strong></span> <span class='ocrx_word' id='word_1_417' title='bbox 1543 3963 1672 4033; x_wconf 83' lang='lat' dir='ltr'><strong>ogni</strong></span> <span class='ocrx_word' id='word_1_418' title='bbox 1709 3962 1858 4016; x_wconf 80' lang='lat' dir='ltr'><strong>volta</strong></span> <span class='ocrx_word' id='word_1_419' title='bbox 1894 3962 1997 4016; x_wconf 90' lang='lat' dir='ltr'><strong>che</strong></span> <span class='ocrx_word' id='word_1_420' title='bbox 2036 3978 2099 4016; x_wconf 85' lang='lat' dir='ltr'><strong>ve</strong></span> <span class='ocrx_word' id='word_1_421' title='bbox 2137 3978 2196 4016; x_wconf 89' lang='lat' dir='ltr'><strong>se</strong></span> <span class='ocrx_word' id='word_1_422' title='bbox 2232 3979 2299 4016; x_wconf 90' lang='lat' dir='ltr'><strong>ne</strong></span> <span class='ocrx_word' id='word_1_423' title='bbox 2336 3959 2409 4015; x_wconf 65' lang='lat' dir='ltr'><strong>dh</strong></span> <span class='ocrx_word' id='word_1_424' title='bbox 2444 3963 2731 4017; x_wconf 82' lang='lat' dir='ltr'><strong>occasione</strong></span> <span class='ocrx_word' id='word_1_425' title='bbox 2748 4004 2761 4031; x_wconf 92' lang='lat'>‚</span> <span class='ocrx_word' id='word_1_426' title='bbox 2799 3962 3189 4017; x_wconf 84' lang='lat' dir='ltr'><strong>conoscendosi</strong></span> <span class='ocrx_word' id='word_1_427' title='bbox 3225 3960 3355 4031; x_wconf 85' lang='lat' dir='ltr'><strong>ogni</strong></span> 
     </span>
     <span class='ocr_line' id='line_1_35' title="bbox 696 4049 3359 4122; baseline -0 -18"><span class='ocrx_word' id='word_1_428' title='bbox 696 4052 889 4122; x_wconf 83' lang='lat' dir='ltr'><strong>giorno</strong></span> <span class='ocrx_word' id='word_1_429' title='bbox 924 4049 1022 4121; x_wconf 71' lang='lat' dir='ltr'><strong>pisi</strong></span> <span class='ocrx_word' id='word_1_430' title='bbox 1050 4053 1361 4107; x_wconf 82' lang='lat' dir='ltr'><strong>necessaria</strong></span> <span class='ocrx_word' id='word_1_431' title='bbox 1397 4049 1510 4106; x_wconf 85' lang='lat' dir='ltr'><strong>cosi</strong></span> <span class='ocrx_word' id='word_1_432' title='bbox 1552 4067 1650 4122; x_wconf 90' lang='lat' dir='ltr'><strong>per</strong></span> <span class='ocrx_word' id='word_1_433' title='bbox 1686 4051 1961 4122; x_wconf 86' lang='lat' dir='ltr'><strong>l’impresa</strong></span> <span class='ocrx_word' id='word_1_434' title='bbox 1990 4058 2183 4106; x_wconf 83' lang='lat' dir='ltr'><strong>contra</strong></span> <span class='ocrx_word' id='word_1_435' title='bbox 2220 4051 2258 4104; x_wconf 87' lang='lat' dir='ltr'><strong>li</strong></span> <span class='ocrx_word' id='word_1_436' title='bbox 2295 4051 2522 4106; x_wconf 90' lang='lat' dir='ltr'><strong>heretici</strong></span> <span class='ocrx_word' id='word_1_437' title='bbox 2562 4067 2716 4105; x_wconf 87' lang='lat' dir='ltr'><strong>come</strong></span> <span class='ocrx_word' id='word_1_438' title='bbox 2753 4068 2850 4121; x_wconf 88' lang='lat' dir='ltr'><strong>per</strong></span> <span class='ocrx_word' id='word_1_439' title='bbox 2886 4051 2940 4104; x_wconf 85' lang='lat' dir='ltr'><strong>la</strong></span> <span class='ocrx_word' id='word_1_440' title='bbox 2977 4050 3359 4121; x_wconf 84' lang='lat' dir='ltr'><strong>prosecutione</strong></span> 
     </span>
     <span class='ocr_line' id='line_1_36' title="bbox 697 4139 3457 4211; baseline 0.001 -18"><span class='ocrx_word' id='word_1_441' title='bbox 697 4139 788 4194; x_wconf 87' lang='lat' dir='ltr'><strong>del</strong></span> <span class='ocrx_word' id='word_1_442' title='bbox 825 4140 1073 4207; x_wconf 87' lang='lat' dir='ltr'><strong>concilio,</strong></span> <span class='ocrx_word' id='word_1_443' title='bbox 1111 4141 1249 4194; x_wconf 87' lang='lat' dir='ltr'><strong>oltre</strong></span> <span class='ocrx_word' id='word_1_444' title='bbox 1286 4141 1341 4195; x_wconf 89' lang='lat' dir='ltr'><strong>al</strong></span> <span class='ocrx_word' id='word_1_445' title='bbox 1378 4147 1566 4211; x_wconf 87' lang='lat' dir='ltr'><strong>potere</strong></span> <span class='ocrx_word' id='word_1_446' title='bbox 1603 4140 1854 4195; x_wconf 83' lang='lat' dir='ltr'><strong>resistere</strong></span> <span class='ocrx_word' id='word_1_447' title='bbox 1882 4140 1938 4194; x_wconf 89' lang='lat' dir='ltr'><strong>in</strong></span> <span class='ocrx_word' id='word_1_448' title='bbox 1968 4140 2258 4194; x_wconf 85' lang='lat' dir='ltr'><strong>l’avvenire</strong></span> <span class='ocrx_word' id='word_1_449' title='bbox 2293 4140 2400 4194; x_wconf 88' lang='lat' dir='ltr'><strong>alle</strong></span> <span class='ocrx_word' id='word_1_450' title='bbox 2430 4140 2579 4194; x_wconf 86' lang='lat' dir='ltr'><strong>forze</strong></span> <span class='ocrx_word' id='word_1_451' title='bbox 2616 4140 2962 4208; x_wconf 87' lang='lat' dir='ltr'><strong>turchesche,</strong></span> <span class='ocrx_word' id='word_1_452' title='bbox 2999 4140 3150 4210; x_wconf 88' lang='lat' dir='ltr'><strong>quali</strong></span> <span class='ocrx_word' id='word_1_453' title='bbox 3189 4147 3355 4194; x_wconf 86' lang='lat' dir='ltr'><strong>tutta·</strong></span> <span class='ocrx_word' id='word_1_454' title='bbox 3381 4142 3457 4196; x_wconf 83' lang='lat'><strong>35</strong></span> 
     </span>
     <span class='ocr_line' id='line_1_37' title="bbox 698 4226 3361 4300; baseline 0.001 -20"><span class='ocrx_word' id='word_1_455' title='bbox 698 4229 789 4282; x_wconf 84' lang='lat' dir='ltr'><strong>via</strong></span> <span class='ocrx_word' id='word_1_456' title='bbox 824 4228 1116 4282; x_wconf 83' lang='lat' dir='ltr'><strong>diventano</strong></span> <span class='ocrx_word' id='word_1_457' title='bbox 1152 4226 1251 4299; x_wconf 66' lang='lat' dir='ltr'><strong>pin</strong></span> <span class='ocrx_word' id='word_1_458' title='bbox 1286 4228 1651 4283; x_wconf 81' lang='lat' dir='ltr'><strong>formidolose.</strong></span> <span class='ocrx_word' id='word_1_459' title='bbox 1726 4229 1777 4283; x_wconf 88' lang='lat' dir='ltr'><strong>le</strong></span> <span class='ocrx_word' id='word_1_460' title='bbox 1822 4229 1975 4300; x_wconf 88' lang='lat' dir='ltr'><strong>quali</strong></span> <span class='ocrx_word' id='word_1_461' title='bbox 2012 4245 2140 4284; x_wconf 83' lang='lat' dir='ltr'><strong>cose</strong></span> <span class='ocrx_word' id='word_1_462' title='bbox 2175 4237 2383 4300; x_wconf 88' lang='lat' dir='ltr'><strong>quanto</strong></span> <span class='ocrx_word' id='word_1_463' title='bbox 2433 4227 2528 4300; x_wconf 72' lang='lat' dir='ltr'><strong>pisi</strong></span> <span class='ocrx_word' id='word_1_464' title='bbox 2567 4228 2680 4284; x_wconf 87' lang='lat' dir='ltr'><strong>Sua</strong></span> <span class='ocrx_word' id='word_1_465' title='bbox 2716 4226 2929 4284; x_wconf 66' lang='lat' dir='ltr'><strong>Santith</strong></span> <span class='ocrx_word' id='word_1_466' title='bbox 2970 4229 3020 4282; x_wconf 92' lang='lat' dir='ltr'><strong>le</strong></span> <span class='ocrx_word' id='word_1_467' title='bbox 3057 4229 3361 4299; x_wconf 85' lang='lat' dir='ltr'><strong>considera,</strong></span> 
     </span>
     <span class='ocr_line' id='line_1_38' title="bbox 697 4314 3364 4386; baseline 0 -15"><span class='ocrx_word' id='word_1_468' title='bbox 697 4323 855 4371; x_wconf 86' lang='lat' dir='ltr'><strong>tanto</strong></span> <span class='ocrx_word' id='word_1_469' title='bbox 891 4314 989 4386; x_wconf 64' lang='lat' dir='ltr'><strong>pin</strong></span> <span class='ocrx_word' id='word_1_470' title='bbox 1026 4317 1250 4386; x_wconf 85' lang='lat' dir='ltr'><strong>giudica</strong></span> <span class='ocrx_word' id='word_1_471' title='bbox 1285 4324 1341 4372; x_wconf 80' lang='lat' dir='ltr'><strong>et</strong></span> <span class='ocrx_word' id='word_1_472' title='bbox 1378 4333 1610 4372; x_wconf 85' lang='lat' dir='ltr'><strong>conosce</strong></span> <span class='ocrx_word' id='word_1_473' title='bbox 1647 4317 1749 4372; x_wconf 91' lang='lat' dir='ltr'><strong>che</strong></span> <span class='ocrx_word' id='word_1_474' title='bbox 1785 4335 1898 4372; x_wconf 88' lang='lat' dir='ltr'><strong>una</strong></span> <span class='ocrx_word' id='word_1_475' title='bbox 1948 4317 2128 4371; x_wconf 87' lang='lat' dir='ltr'><strong>buona</strong></span> <span class='ocrx_word' id='word_1_476' title='bbox 2165 4318 2456 4373; x_wconf 85' lang='lat' dir='ltr'><strong>concordia</strong></span> <span class='ocrx_word' id='word_1_477' title='bbox 2501 4325 2558 4373; x_wconf 88' lang='lat' dir='ltr'><strong>et</strong></span> <span class='ocrx_word' id='word_1_478' title='bbox 2606 4319 2804 4372; x_wconf 90' lang='lat' dir='ltr'><strong>unione</strong></span> <span class='ocrx_word' id='word_1_479' title='bbox 2853 4326 2940 4372; x_wconf 85' lang='lat' dir='ltr'><strong>tra</strong></span> <span class='ocrx_word' id='word_1_480' title='bbox 2990 4318 3104 4372; x_wconf 89' lang='lat' dir='ltr'><strong>loro</strong></span> <span class='ocrx_word' id='word_1_481' title='bbox 3142 4315 3364 4372; x_wconf 63' lang='lat' dir='ltr'><strong>Maesta</strong></span> 
     </span>
     <span class='ocr_line' id='line_1_39' title="bbox 701 4399 3364 4476; baseline 0.001 -18"><span class='ocrx_word' id='word_1_482' title='bbox 701 4399 731 4458; x_wconf 77' lang='grc' dir='ltr'>ὲ</span> <span class='ocrx_word' id='word_1_483' title='bbox 768 4405 805 4458; x_wconf 89' lang='lat' dir='ltr'><strong>il</strong></span> <span class='ocrx_word' id='word_1_484' title='bbox 846 4421 973 4458; x_wconf 86' lang='lat' dir='ltr'><strong>vero</strong></span> <span class='ocrx_word' id='word_1_485' title='bbox 1011 4405 1236 4460; x_wconf 78' lang='lat' dir='ltr'><strong>timedio</strong></span> <span class='ocrx_word' id='word_1_486' title='bbox 1273 4423 1308 4459; x_wconf 85' lang='lat' dir='ltr'><strong>a</strong></span> <span class='ocrx_word' id='word_1_487' title='bbox 1344 4406 1484 4459; x_wconf 87' lang='lat' dir='ltr'><strong>tanti</strong></span> <span class='ocrx_word' id='word_1_488' title='bbox 1523 4406 1654 4459; x_wconf 89' lang='lat' dir='ltr'><strong>mali</strong></span> <span class='ocrx_word' id='word_1_489' title='bbox 1691 4406 1794 4460; x_wconf 90' lang='lat' dir='ltr'><strong>che</strong></span> <span class='ocrx_word' id='word_1_490' title='bbox 1822 4415 2184 4476; x_wconf 80' lang='lat' dir='ltr'><strong>soprastanno</strong></span> <span class='ocrx_word' id='word_1_491' title='bbox 2220 4408 2330 4461; x_wconf 83' lang='lat' dir='ltr'><strong>alla</strong></span> <span class='ocrx_word' id='word_1_492' title='bbox 2357 4405 2746 4472; x_wconf 70' lang='lat' dir='ltr'><strong>Christianita3</strong></span> <span class='ocrx_word' id='word_1_493' title='bbox 2787 4412 2843 4460; x_wconf 80' lang='lat' dir='ltr'><strong>et</strong></span> <span class='ocrx_word' id='word_1_494' title='bbox 2878 4423 2989 4461; x_wconf 89' lang='lat' dir='ltr'><strong>una</strong></span> <span class='ocrx_word' id='word_1_495' title='bbox 3024 4406 3163 4460; x_wconf 87' lang='lat' dir='ltr'><strong>delle</strong></span> <span class='ocrx_word' id='word_1_496' title='bbox 3192 4423 3364 4461; x_wconf 86' lang='lat' dir='ltr'><strong>cause</strong></span> 
     </span>
     <span class='ocr_line' id='line_1_40' title="bbox 702 4490 3365 4566; baseline 0.002 -20"><span class='ocrx_word' id='word_1_497' title='bbox 702 4493 803 4547; x_wconf 86' lang='lat' dir='ltr'><strong>che</strong></span> <span class='ocrx_word' id='word_1_498' title='bbox 842 4493 916 4547; x_wconf 86' lang='lat' dir='ltr'><strong>ha</strong></span> <span class='ocrx_word' id='word_1_499' title='bbox 952 4511 1131 4547; x_wconf 86' lang='lat' dir='ltr'><strong>mosso</strong></span> <span class='ocrx_word' id='word_1_500' title='bbox 1169 4493 1282 4548; x_wconf 87' lang='lat' dir='ltr'><strong>Sua</strong></span> <span class='ocrx_word' id='word_1_501' title='bbox 1318 4490 1540 4549; x_wconf 67' lang='lat' dir='ltr'><strong>Santita</strong></span> <span class='ocrx_word' id='word_1_502' title='bbox 1575 4511 1610 4548; x_wconf 87' lang='lat' dir='ltr'><strong>a</strong></span> <span class='ocrx_word' id='word_1_503' title='bbox 1646 4494 1955 4549; x_wconf 85' lang='lat' dir='ltr'><strong>rimandare</strong></span> <span class='ocrx_word' id='word_1_504' title='bbox 2004 4495 2043 4549; x_wconf 91' lang='lat' dir='ltr'><strong>il</strong></span> <span class='ocrx_word' id='word_1_505' title='bbox 2095 4496 2280 4566; x_wconf 86' lang='lat' dir='ltr'><strong>signor</strong></span> <span class='ocrx_word' id='word_1_506' title='bbox 2316 4496 2547 4551; x_wconf 88' lang='lat' dir='ltr'><strong>Horatio</strong></span> <span class='ocrx_word' id='word_1_507' title='bbox 2597 4496 2708 4550; x_wconf 82' lang='lat' dir='ltr'><strong>alla</strong></span> <span class='ocrx_word' id='word_1_508' title='bbox 2743 4503 2893 4551; x_wconf 82' lang='lat' dir='ltr'><strong>corte</strong></span> <span class='ocrx_word' id='word_1_509' title='bbox 2941 4496 2996 4549; x_wconf 91' lang='lat' dir='ltr'><strong>di</strong></span> <span class='ocrx_word' id='word_1_510' title='bbox 3036 4495 3293 4565; x_wconf 85' lang='lat' dir='ltr'><strong>Francia,</strong></span> <span class='ocrx_word' id='word_1_511' title='bbox 3333 4494 3365 4550; x_wconf 73' lang='grc' dir='ltr'>ὸ</span> 
     </span>
     <span class='ocr_line' id='line_1_41' title="bbox 700 4582 3469 4655; baseline 0.003 -20"><span class='ocrx_word' id='word_1_512' title='bbox 700 4589 849 4637; x_wconf 86' lang='lat' dir='ltr'><strong>stata</strong></span> <span class='ocrx_word' id='word_1_513' title='bbox 883 4599 982 4652; x_wconf 87' lang='lat' dir='ltr'><strong>per</strong></span> <span class='ocrx_word' id='word_1_514' title='bbox 1017 4589 1206 4652; x_wconf 85' lang='lat' dir='ltr'><strong>potere</strong></span> <span class='ocrx_word' id='word_1_515' title='bbox 1243 4599 1393 4636; x_wconf 84' lang='lat' dir='ltr'><strong>esser</strong></span> <span class='ocrx_word' id='word_1_516' title='bbox 1428 4582 1576 4637; x_wconf 87' lang='lat' dir='ltr'><strong>buon</strong></span> <span class='ocrx_word' id='word_1_517' title='bbox 1629 4600 1809 4637; x_wconf 85' lang='lat' dir='ltr'><strong>mezzo</strong></span> <span class='ocrx_word' id='word_1_518' title='bbox 1864 4600 1899 4638; x_wconf 90' lang='lat' dir='ltr'><strong>a</strong></span> <span class='ocrx_word' id='word_1_519' title='bbox 1936 4591 2136 4639; x_wconf 81' lang='lat' dir='ltr'><strong>trattar</strong></span> <span class='ocrx_word' id='word_1_520' title='bbox 2170 4586 2226 4638; x_wconf 88' lang='lat' dir='ltr'><strong>la</strong></span> <span class='ocrx_word' id='word_1_521' title='bbox 2263 4602 2425 4655; x_wconf 84' lang='lat' dir='ltr'><strong>pacc;</strong></span> <span class='ocrx_word' id='word_1_522' title='bbox 2476 4585 2691 4640; x_wconf 89' lang='lat' dir='ltr'><strong>intorno</strong></span> <span class='ocrx_word' id='word_1_523' title='bbox 2740 4585 2850 4639; x_wconf 88' lang='lat' dir='ltr'><strong>alla</strong></span> <span class='ocrx_word' id='word_1_524' title='bbox 2897 4585 3086 4655; x_wconf 83' lang='lat' dir='ltr'><strong>quale.</strong></span> <span class='ocrx_word' id='word_1_525' title='bbox 3139 4586 3369 4655; x_wconf 84' lang='lat' dir='ltr'><strong>quando</strong></span> <span class='ocrx_word' id='word_1_526' title='bbox 3390 4589 3469 4643; x_wconf 87' lang='lat'><strong>40</strong></span> 
     </span>
     <span class='ocr_line' id='line_1_42' title="bbox 700 4669 3368 4744; baseline 0.001 -20"><span class='ocrx_word' id='word_1_527' title='bbox 700 4671 1013 4742; x_wconf 83' lang='lat' dir='ltr'><strong>giudicasse</strong></span> <span class='ocrx_word' id='word_1_528' title='bbox 1051 4670 1153 4725; x_wconf 91' lang='lat' dir='ltr'><strong>che</strong></span> <span class='ocrx_word' id='word_1_529' title='bbox 1188 4671 1339 4725; x_wconf 82' lang='lat' dir='ltr'><strong>fusse</strong></span> <span class='ocrx_word' id='word_1_530' title='bbox 1375 4672 1728 4741; x_wconf 85' lang='lat' dir='ltr'><strong>approposito</strong></span> <span class='ocrx_word' id='word_1_531' title='bbox 1766 4672 1868 4726; x_wconf 89' lang='lat' dir='ltr'><strong>che</strong></span> <span class='ocrx_word' id='word_1_532' title='bbox 1907 4671 2020 4727; x_wconf 86' lang='lat' dir='ltr'><strong>Sua</strong></span> <span class='ocrx_word' id='word_1_533' title='bbox 2052 4670 2271 4727; x_wconf 71' lang='lat' dir='ltr'><strong>Santitb,</strong></span> <span class='ocrx_word' id='word_1_534' title='bbox 2306 4690 2496 4727; x_wconf 82' lang='lat' dir='ltr'><strong>usasse</strong></span> <span class='ocrx_word' id='word_1_535' title='bbox 2532 4690 2643 4727; x_wconf 85' lang='lat' dir='ltr'><strong>una</strong></span> <span class='ocrx_word' id='word_1_536' title='bbox 2669 4673 2956 4744; x_wconf 80' lang='lat' dir='ltr'><strong>diligentia</strong></span> <span class='ocrx_word' id='word_1_537' title='bbox 2990 4669 3086 4743; x_wconf 68' lang='lat' dir='ltr'><strong>pisi</strong></span> <span class='ocrx_word' id='word_1_538' title='bbox 3124 4673 3231 4727; x_wconf 88' lang='lat' dir='ltr'><strong>che</strong></span> <span class='ocrx_word' id='word_1_539' title='bbox 3270 4675 3368 4728; x_wconf 87' lang='lat' dir='ltr'><strong>un&#39;</strong></span> 
     </span>
     <span class='ocr_line' id='line_1_43' title="bbox 700 4760 3374 4832; baseline 0.002 -19"><span class='ocrx_word' id='word_1_540' title='bbox 700 4762 871 4827; x_wconf 87' lang='lat' dir='ltr'><strong>altra,</strong></span> <span class='ocrx_word' id='word_1_541' title='bbox 926 4760 980 4814; x_wconf 89' lang='lat' dir='ltr'><strong>di</strong></span> <span class='ocrx_word' id='word_1_542' title='bbox 1037 4760 1265 4814; x_wconf 78' lang='lat' dir='ltr'><strong>mandat</strong></span> <span class='ocrx_word' id='word_1_543' title='bbox 1319 4760 1486 4830; x_wconf 84' lang='lat' dir='ltr'><strong>legat-i</strong></span> <span class='ocrx_word' id='word_1_544' title='bbox 1540 4789 1601 4798; x_wconf 91' lang='lat'><strong>—</strong></span> <span class='ocrx_word' id='word_1_545' title='bbox 1656 4761 2096 4830; x_wconf 73' lang='lat' dir='ltr'><strong>ausyestrichen:</strong></span> <span class='ocrx_word' id='word_1_546' title='bbox 2148 4779 2181 4815; x_wconf 91' lang='lat' dir='ltr'><strong>o</strong></span> <span class='ocrx_word' id='word_1_547' title='bbox 2236 4762 2338 4816; x_wconf 88' lang='lat' dir='ltr'><strong>che</strong></span> <span class='ocrx_word' id='word_1_548' title='bbox 2392 4763 2591 4817; x_wconf 82' lang='lat' dir='ltr'><strong>venissi</strong></span> <span class='ocrx_word' id='word_1_549' title='bbox 2639 4762 2693 4816; x_wconf 90' lang='lat' dir='ltr'><strong>io</strong></span> <span class='ocrx_word' id='word_1_550' title='bbox 2743 4781 2838 4815; x_wconf 71' lang='grc' dir='ltr'><strong>-ε</strong></span> <span class='ocrx_word' id='word_1_551' title='bbox 2894 4768 3105 4832; x_wconf 89' lang='lat' dir='ltr'><strong>potrete</strong></span> <span class='ocrx_word' id='word_1_552' title='bbox 3152 4762 3374 4818; x_wconf 75' lang='lat' dir='ltr'><strong>sci-iver</strong></span> 
     </span>
     <span class='ocr_line' id='line_1_44' title="bbox 701 4841 3376 4921; baseline 0.003 -19"><span class='ocrx_word' id='word_1_553' title='bbox 701 4847 1056 4903; x_wconf 77' lang='lat' dir='ltr'><strong>liberamento</strong></span> <span class='ocrx_word' id='word_1_554' title='bbox 1095 4848 1224 4919; x_wconf 90' lang='lat' dir='ltr'><strong>quel</strong></span> <span class='ocrx_word' id='word_1_555' title='bbox 1252 4849 1354 4903; x_wconf 89' lang='lat' dir='ltr'><strong>che</strong></span> <span class='ocrx_word' id='word_1_556' title='bbox 1393 4865 1451 4902; x_wconf 81' lang='lat' dir='ltr'><strong>sc</strong></span> <span class='ocrx_word' id='word_1_557' title='bbox 1478 4864 1546 4902; x_wconf 91' lang='lat' dir='ltr'><strong>ne</strong></span> <span class='ocrx_word' id='word_1_558' title='bbox 1577 4857 1729 4903; x_wconf 84' lang='lat' dir='ltr'><strong>sente</strong></span> <span class='ocrx_word' id='word_1_559' title='bbox 1765 4850 1820 4903; x_wconf 88' lang='lat' dir='ltr'><strong>di</strong></span> <span class='ocrx_word' id='word_1_560' title='bbox 1849 4846 2023 4919; x_wconf 62' lang='lat' dir='ltr'><strong>costa,</strong></span> <span class='ocrx_word' id='word_1_561' title='bbox 2060 4848 2262 4920; x_wconf 75' lang='lat' dir='ltr'><strong>perche</strong></span> <span class='ocrx_word' id='word_1_562' title='bbox 2293 4850 2405 4906; x_wconf 82' lang='lat' dir='ltr'><strong>Sua</strong></span> <span class='ocrx_word' id='word_1_563' title='bbox 2433 4848 2651 4906; x_wconf 72' lang='lat' dir='ltr'><strong>Santita</strong></span> <span class='ocrx_word' id='word_1_564' title='bbox 2687 4841 2839 4906; x_wconf 85' lang='lat' dir='ltr'><strong>come</strong></span> <span class='ocrx_word' id='word_1_565' title='bbox 2875 4851 3043 4921; x_wconf 87' lang='lat' dir='ltr'><strong>padre</strong></span> <span class='ocrx_word' id='word_1_566' title='bbox 3072 4867 3376 4909; x_wconf 82' lang='lat' dir='ltr'><strong>commune</strong></span> 
     </span>
    </p>
   </div>
   <div class='ocr_carea' id='block_1_6' title="bbox 3822 2682 3831 3408">
    <p class='ocr_par' dir='ltr' id='par_1_11' title="bbox 3822 2682 3831 3408">
     <span class='ocr_line' id='line_1_45' title="bbox 3822 2682 3831 3408; baseline 0 0"><span class='ocrx_word' id='word_1_567' title='bbox 3822 2682 3831 3408; x_wconf 95' lang='lat' dir='ltr'><strong> </strong></span> 
     </span>
    </p>
   </div>
  </div>
 </body>
</html>
