3859 5575
1523 424 1621 495 No,
1660 428 1757 494 78:
1799 435 1939 494 1545
1974 427 2206 493 Oktober
2240 431 2328 494 29.
3142 426 3253 496 878

587 630 1263 718 Protestantenkrieyes
1274 656 1297 714 ‚·
1340 635 1685 719 Mahmmy
1713 635 1825 700 ἄεν
1853 634 2282 717 Ρᾶρειῑίεῆεη,
2320 636 2453 717 auf
2471 634 2812 719 Ausqleich
2841 636 2962 701 mit
2987 636 3248 702 Frank-

585 743 758 807 reick
809 742 1067 808 bedacht
1120 763 1203 808 zu
1261 744 1416 807 sein.
1509 742 1885 826 Ablehnuny
1945 743 2057 809 ἄεν
2114 744 2335 809 hierzu
2390 742 2803 825 anyebotenen
2853 742 3250 825 papstlichen

600 850 1018 933 Vermittluny
1061 850 1259 914 durch
1310 849 1670 915 Granvella.
1762 850 2005 916 Dessen
2046 850 2374 933 Hoffnuny
2420 850 2551 931 auf
2595 850 2900 932 Gelinyen
2944 851 3058 915 der
3101 851 3250 917 Ver-

586 957 912 1040 handlunq
942 958 1016 1021 in
1047 957 1613 1039 Konstantinopel;
1658 957 2066 1038 andemfalI-s·
2102 963 2366 1022 erwarae
2410 979 2580 1035 inan,
2624 978 2733 1022 vor
2778 957 2918 1022 dem
2963 957 3249 1023 iiblichen

532 1080 569 1134 5
587 1063 1193 1144 Aufbm0hstermin
1238 1065 1351 1129 der
1405 1064 1654 1129 Tiirken
1697 1066 1818 1129 den
1855 1064 2475 1146 Protestantenkriey
2518 1085 2600 1130 zu
2647 1065 2832 1129 Ende
2871 1065 3125 1147 yefflhrt
3167 1086 3250 1130 zu

586 1170 805 1235 haben.
881 1170 1352 1254 Befriediyuny
1398 1171 1505 1235 des
1536 1171 1813 1236 Kaisers
1857 1171 2057 1235 durch
2086 1172 2191 1236 die
2221 1172 2526 1237 Mainzer
2562 1170 2758 1237 Wahl
2768 1193 2791 1250 ‚·
2837 1172 3250 1255 Erbitteruny

581 1298 771 1361 qeyen
819 1277 1150 1357 Kurkciln,
1206 1278 1421 1343 des-sen
1468 1278 1865 1361 Zilchtiyuny
1909 1279 2061 1343 aber
2104 1284 2234 1342 erst
2276 1279 2371 1343 bei
2416 1278 2641 1361 Anlqss
2686 1278 2795 1344 des
2841 1279 3109 1363 Krieyes
3152 1302 3247 1344 er-

585 1385 790 1468 folyen
834 1390 1053 1449 milsse.
1133 1384 1262 1450 Die
1292 1384 1749 1467 Kolloquenten
1794 1385 2004 1450 beider
2046 1385 2367 1450 Par-teian.
2407 1425 2491 1434 -
2538 1385 2792 1451 Besuch
2839 1387 2948 1451 des
2992 1386 3248 1451 Beatam-

585 1498 795 1557 vaters
839 1491 937 1557 bei
983 1492 1103 1557 den
1149 1491 1591 1573 Pc'ipstlichen;
1645 1492 1863 1557 dessen
1909 1491 2363 1575 Mitteilunyen
2407 1493 2562 1558 iiber
2606 1493 2727 1558 den
2771 1493 3250 1576 Feldzuqsplan

500 1616 568 1670 10
587 1600 695 1666 des
750 1599 1021 1664 Kaisers
1074 1599 1268 1663 wider
1324 1599 1425 1664 ἄίε
1481 1599 1932 1664 Protestanten.
2035 1598 2167 1665 Die
2227 1598 2636 1682 Pc'ipstlichen
2693 1620 2876 1683 reyen
2935 1600 3100 1665 auch
3155 1601 3251 1666 bei

583 1708 716 1772 ihm
775 1708 896 1773 den
956 1706 1304 1772 Gedanken
1366 1707 1482 1771 der
1540 1706 1959 1790 Vermitiluny
2017 1707 2131 1772 der
2185 1706 2396 1772 Kurie
2451 1711 2802 1790 zuyunsten
2861 1709 3038 1773 einer
3096 1708 3248 1773 Ver-

583 1815 1034 1899 schwctyerunq
1077 1814 1196 1879 mit
1240 1814 1636 1880 Frankreich
1680 1834 1785 1879 an.
1875 1814 2040 1878 1545
2088 1813 2352 1880 Oktober
2395 1816 2482 1880 29
2536 1815 2716 1881 Geni.

727 1940 850 1996 Aua
884 1940 1041 2007 Rom,
1087 1940 1252 1995 Arch.
1302 1939 1425 1995 Vat.
1464 1940 1650 1996 Germ.
1690 1939 1860 1995 Nunt.
1898 1939 2005 1995 sub
2041 1940 2219 1995 Paulo
2255 1939 2339 1995 111
2377 1940 2480 1994 vol.
2519 1942 2554 1995 3
2591 1940 2684 1995 fol.
2725 1941 2976 2011 149-151,
3016 1943 3249 1998 156-158

801 2030 985 2099 On'q„
1019 2046 1064 2084 z.
1109 2029 1166 2082 T.
1206 2029 1514 2097 chiffrier25
1548 2029 1652 2084 das
1689 2028 1951 2095 Deciti·at
1988 2030 2072 2084 als
2106 2028 2201 2084 fol.
2242 2029 2475 2084 152·155
2511 2029 2847 2098 einqehellet.

500 2150 567 2204 15
763 2135 952 2223 Dopo
1012 2135 1275 2202 d'haver
1337 2137 1552 2201 scritto
1613 2143 1849 2223 quanto
1908 2135 1989 2203 V.
2052 2135 2113 2201 S.
2173 2134 2301 2200 Rm·
2360 2135 2560 2200 vedra
2616 2158 2730 2224 per
2787 2135 2849 2201 la
2908 2144 3124 2202 nostra
3181 2136 3249 2202 di

3324 640 3464 691 1545

3290 708 3408 763 Okt.
3437 713 3514 764 29

584 2244 763 2328 bien-i,
812 2243 928 2309 che
974 2246 1119 2309 sara
1163 2266 1283 2309 con
1330 2250 1570 2331 questa,
1617 2245 1815 2308 siamo
1875 2243 2023 2308 stati
2082 2265 2202 2308 con
2261 2244 2629 2329 monsignor
2689 2242 2756 2308 di
2801 2242 3127 2309 Granvela
3183 2251 3248 2309 et
3288 2252 3409 2309 Olet.
3435 2256 3515 2308 28

584 2351 852 2418 havemo
898 2352 1183 2418 desinato
1230 2374 1376 2416 seco
1421 2373 1542 2416 con
1586 2349 1778 2415 molte
1824 2373 2098 2416 carezze.

764 2458 976 2545 Dipoi‚
1024 2480 1202 2525 come
1248 2457 1365 2524 che
1423 2480 1720 2545 pensasse
1779 2457 1895 2523 che
1953 2458 2212 2524 fussimo
2270 2458 2488 2524 andati
2547 2481 2660 2546 per
2718 2459 3042 2524 intendere
3102 2458 3247 2548 quel

585 2566 701 2633 che
745 2566 913 2631 fusse
959 2568 1200 2652 seguito
1246 2564 1349 2631 del
1394 2564 1756 2632 memoriale
1801 2564 1918 2632 che
1965 2589 2080 2653 per
2126 2567 2344 2632 ordine
2390 2567 2456 2632 di
2503 2566 2632 2632 Sua
2664 2565 2908 2632 Maesta
2953 2590 3019 2633 se
3064 2567 3108 2632 li
3139 2589 3248 2633 era

496 2675 735 2741 20dato
781 2674 849 2738 in
894 2672 1163 2738 Malines
1207 2695 1396 2759 sopra
1452 2671 1510 2738 le
1571 2695 1714 2738 cose
1771 2674 2053 2760 private,
2118 2674 2493 2738 commincio
2550 2673 2640 2739 lui
2699 2675 2954 2761 proprio
3013 2697 3054 2739 a
3111 2675 3248 2741 fare

585 2805 773 2848 seusa
817 2805 882 2848 se
926 2803 1043 2868 per
1086 2779 1365 2847 anchora
1409 2804 1535 2847 non
1580 2779 1640 2847 lo
1688 2779 1951 2847 havesse
1981 2781 2299 2869 expedit0,
2345 2780 2677 2847 dicendoci
2722 2779 2839 2847 che
2884 2781 3091 2868 prima
3136 2804 3247 2847 era

518 2955 523 2958 ,
585 2898 746 2956 stato
792 2889 859 2954 in
899 2888 1211 2970 Anversa,
1258 2889 1432 2976 dipoi
1477 2910 1586 2955 era
1630 2896 1863 2954 venuto
1911 2890 2039 2976 qui,
2086 2889 2250 2954 dove
2294 2888 2544 2953 haveva
2588 2887 2827 2954 havuto
2876 2887 2990 2954 che
3037 2896 3246 2954 trava-

584 2996 783 3083 gliarc
828 2997 1339 3063 continuamente
1383 3019 1498 3083 per
1541 2996 1889 3084 provedere
1935 2995 2051 3062 che
2098 2995 2261 3061 dalle
2319 2996 2491 3083 genti
2551 2994 2846 3061 todesche
2892 2995 3009 3061 che
3055 2996 3247 3061 dove-

587 3127 753 3170 vano
799 3105 1034 3191 passar'
1083 3127 1123 3169 a
1167 3103 1363 3169 danni
1409 3104 1476 3169 di
1520 3103 1796 3169 Francia
1849 3110 1913 3170 et
1967 3102 2084 3169 che
2139 3102 2660 3169 sbandatamente
2719 3125 2785 3168 se
2843 3126 2923 3168 ne
2979 3110 3246 3168 tornano

497 3224 566 3278 25
585 3220 648 3277 et
693 3234 814 3277 con
859 3213 1255 3298 protensione
1317 3211 1382 3276 di
1442 3210 1639 3276 dover
1697 3210 1911 3276 haver’
1971 3209 2196 3277 alcune
2252 3209 2459 3297 paghe
2516 3210 2602 3275 da
2646 3208 3059 3296 Inghilterra‚
3119 3233 3248 3277 non

584 3319 753 3383 fusse
783 3318 1207 3404 danneggiato
1237 3316 1282 3383 il
1313 3339 1501 3404 paese
1532 3317 1674 3383 dell'
1705 3320 2103 3405 imperatore,
2149 3324 2211 3383 et
2254 3315 2448 3382 molto
2478 3317 2592 3404 pia
2624 3316 2831 3404 quello
2877 3318 2941 3383 di
2975 3317 3247 3405 Liegge3

585 3435 650 3491 et
693 3426 824 3491 cosi
869 3425 956 3491 da
1001 3434 1038 3491 2
1105 3426 1257 3490 mila
1318 3424 1547 3492 cavalli
1592 3448 1716 3512 pur
1760 3424 2063 3510 todeschi‚
2122 3425 2238 3491 che
2286 3423 2498 3490 hanno
2544 3426 2776 3490 servito
2834 3423 2880 3489 il
2926 3426 3098 3491 detto
3142 3425 3246 3490 In·

584 3532 887 3620 ghilterra
915 3557 956 3599 a
985 3531 1275 3619 Bologna
1313 3540 1377 3599 et
1419 3532 1535 3599 che
1566 3532 1691 3599 ben
1721 3541 1930 3622 presto
1964 3556 2029 3599 se
2061 3555 2141 3598 ne
2170 3540 2552 3599 torneranno
2598 3532 2799 3599 anche
2845 3535 2983 3617 essi,
3013 3534 3246 3621 perche

587 3664 708 3728 pur
763 3638 914 3706 vuol
959 3640 1215 3706 credere
1276 3640 1392 3706 che
1439 3642 1531 3707 sia
1575 3664 1689 3729 per
1733 3642 1946 3728 seguir
1991 3648 2215 3727 tregua
2259 3648 2358 3706 tra
2403 3641 2679 3707 Francia
2722 3648 2785 3707 et
2829 3642 2872 3706 il
2928 3641 3099 3707 detto
3143 3642 3248 3707 In-

498 3759 568 3815 30
584 3747 907 3835 ghilterra,
964 3748 1226 3814 essendo
1273 3747 1388 3814 che
1434 3749 1566 3814 Sua
1606 3748 1852 3814 Maesta
1896 3748 2170 3814 Cesarea
2213 3748 2276 3814 la
2320 3747 2611 3814 desidera
2655 3757 2719 3814 et
2763 3771 3039 3835 procura
3081 3751 3248 3815 assai

585 3865 648 3922 et
690 3863 1071 3922 novamente
1125 3857 1184 3921 ci
1239 3855 1322 3920 ha
1380 3856 1737 3923 rimandato
1785 3854 2078 3923 Cornelio
2138 3864 2200 3921 et
2258 3857 2364 3943 qui
2427 3856 2630 3922 dovra
2690 3878 2891 3922 essere
2951 3864 3161 3943 presto
3208 3879 3249 3921 a

585 3971 806 4052 questo
852 3964 1066 4030 effetto
1112 3962 1257 4051 quel
1303 3986 1573 4029 vescovo
1607 3963 2016 4029 Vintoniense
2048 3965 2118 4051 ¹),
2165 3984 2279 4049 per
2322 3961 2367 4028 il
2399 3961 2584 4050 quale
2630 3964 2683 4028 si
2729 3963 2765 4027 ὲ·
2810 3962 3100 4029 ordinato
3133 3962 3248 4029 che

730 4126 770 4194 ¹)
818 4125 1075 4196 Wem‘yer
1117 4121 1595 4195 verheissunyavoll
1629 4126 1866 4196 klanyen
1902 4125 1994 4180 die
2030 4124 2314 4194 Amabat,
2350 4124 2544 4180 welche
2573 4124 2876 4180 Granvella
2911 4123 3020 4179 den
3045 4122 3249 4194 Papat·

587 4215 764 4271 lichen
798 4216 1026 4284 maome,
1065 4215 1150 4271 als
1184 4216 1262 4271 aie
1297 4215 1397 4269 ilm
1432 4232 1523 4269 am
1559 4217 1624 4268 31
1658 4213 1887 4269 Oktober
1920 4214 2050 4283 (vyl.
2078 4216 2304 4269 michae
2333 4215 2519 4282 Anm.)
2556 4214 2689 4281 ausa
2721 4230 2862 4269 neue
2889 4213 3250 4280 ausmaehten:

497 4303 653 4359 3511,
691 4303 906 4373 effetto,
954 4311 1109 4375 aayte
1147 4321 1222 4373 er,
1270 4304 1325 4358 la
1361 4311 1561 4375 tregua
1596 4311 1685 4359 tra
1720 4303 1959 4359 Francia
2005 4310 2063 4358 et
2100 4303 2435 4375 Inghilterra
2478 4321 2585 4358 non
2623 4300 2655 4360 ὁ
2690 4304 2934 4359 anchora
2968 4303 3143 4372 satta,
3192 4311 3249 4359 et

585 4410 693 4448 non
731 4410 794 4448 sa
829 4394 933 4449 che
969 4411 1038 4448 ne
1074 4393 1303 4465 spen-asi,
1339 4390 1538 4464 poiche
1575 4393 1616 4447 il
1652 4410 1884 4449 vescovo
1921 4393 2282 4448 Vintoniense
2323 4393 2396 4447 ha
2431 4393 2584 4448 detto
2621 4409 2655 4447 a
2690 4392 2960 4458 Cornelio,
2998 4393 3140 4449 che’l
3175 4394 3250 4447 ha

586 4491 803 4538 trovato
838 4484 1080 4539 anchora
1114 4480 1172 4537 la
1205 4499 1364 4537 verso
1402 4482 1578 4552 Cales,
1617 4482 1720 4537 che
1758 4483 1835 4537 lui
1872 4499 1982 4537 non
2022 4491 2185 4553 porta
2220 4483 2712 4538 communicatione
2748 4483 2895 4537 altra
2920 4483 3250 4554 particolare

587 4589 752 4642 sopra
787 4579 1011 4643 questo,
1061 4587 1152 4625 ma
1188 4573 1304 4626 solo
1341 4588 1467 4627 cose
1504 4572 1748 4644 generali
1784 4579 1842 4627 et
1877 4588 1978 4642 per
2013 4572 2209 4626 vedere
2245 4572 2699 4643 principalrnente
2749 4588 2903 4627 corne
2940 4571 2995 4627 la
3031 4569 3249 4628 Maesta

587 4660 824 4716 Cesarea
858 4657 947 4716 sta
984 4662 1041 4715 in
1076 4660 1265 4715 effetto
1303 4678 1406 4716 con
1445 4661 1480 4715 'l
1518 4677 1576 4715 re
1613 4678 1743 4729 suo,
1792 4657 1999 4733 perche
2036 4662 2273 4716 secondo
2310 4662 2413 4717 che
2449 4662 2502 4716 lo
2539 4658 2785 4730 treverii,
2832 4658 2948 4718 cosi
2985 4661 3077 4732 poi
3114 4662 3153 4716 il
3189 4679 3250 4716 re

498 4747 688 4803 40suo
724 4750 770 4804 si
819 4746 1071 4820 disporra
1105 4766 1141 4804 a
1176 4748 1439 4804 satisfarli
1487 4750 1624 4804 dove
1673 4750 1720 4804 si
1767 4746 1946 4822 potra.
2021 4750 2161 4804 onde
2211 4747 2243 4805 ὸ
2290 4757 2437 4806 stato
2485 4750 2792 4807 necessario
2842 4750 2983 4806 che’l
3032 4750 3251 4822 prefato

588 4837 841 4893 Cornelio
886 4839 969 4893 sia
1017 4846 1241 4909 passato
1294 4839 1349 4892 in
1390 4839 1722 4909 lnghilterra
1773 4856 1872 4910 per
1918 4840 2207 4909 disponere
2256 4840 2383 4912 quel
2431 4842 2647 4895 tiranno
2695 4857 2730 4894 a
2767 4840 3025 4895 mandare
3060 4841 3251 4900 ordine
