3859 5575
1479 467 1578 520 No.
1621 468 1711 521 17:
1751 465 1889 520 1545
1928 465 2076 535 April
2112 466 2198 519 26.
2234 465 2319 519 27.
3123 457 3222 517 121

563 665 754 747 Riva,
803 663 967 728 dove
1013 664 1219 728 trovai
1265 662 1353 728 lui
1399 671 1463 727 et
1508 660 1550 727 li
1597 661 1712 726 R'ui
1756 660 1950 746 legati
1982 662 2033 745 ¹)
2079 668 2142 725 et
2186 658 2394 724 alcuni
2441 659 2730 740 vescovi,
2789 665 2852 722 et
2909 657 3001 722 fui
3055 678 3223 721 rece·
3241 620 3547 759 Api‘524327

566 778 719 835 vuto
766 770 829 834 et
874 774 1133 835 trattato
1181 794 1297 835 con
1346 773 1493 856 ogni
1541 778 1706 834 sorte
1751 769 1815 833 di
1866 768 2100 833 honore
2145 774 2208 831 et
2252 767 2317 831 di
2364 787 2635 830 carezze.
2726 764 2883 830 111611
2929 765 3033 850 poi
3079 765 3227 828 tutti
3272 772 3410 839 Apr.
3438 773 3509 824 25

568 877 633 940 di
681 879 1060 963 compagnia
1105 880 1357 943 venimo
1403 902 1443 942 6
1489 878 1726 942 Trento
1755 878 1829 957 ⁹),
1876 876 2042 940 dove
2087 873 2169 938 116
2216 874 2370 938 fatto
2417 880 2479 937 et
2523 873 2589 937 sa
2633 894 2821 958 sopra
2865 870 3072 958 quello
3113 869 3229 935 6116

568 985 619 1047 61
665 1005 854 1070 possa
899 984 1287 1068 desiderare,
1333 992 1395 1050 ct
1441 993 1617 1050 certo
1672 984 1818 1069 ogni
1875 983 1944 1046 di
1990 982 2106 1068 pin
2150 982 2236 1045 mi
2297 979 2568 1065 rallegro
2629 979 2704 1044 di·
2740 979 2885 1067 quel
2930 977 3045 1042 6116
3092 979 3144 1041 61
3190 978 3226 1041 ὲ

517 1087 877 1154 5661166616
936 1091 1002 1154 in
1064 1100 1284 1177 questo
1345 1093 1595 1178 signore
1638 1099 1701 1155 et
1748 1092 1877 1155 cosi
1939 1089 2040 1154 nel
2099 1087 2418 1153 cardinale
2477 1086 2861 1172 d’Augusta,
2920 1084 3020 1150 del
3080 1083 3227 1172 qual

569 1204 791 1283 questa
836 1199 1103 1262 mattina
1147 1220 1262 1285 per
1306 1207 1516 1285 tempo
1564 1199 1644 1264 ho
1690 1200 1972 1263 ricevuto
2018 1196 2319 1281 l'alligata
2376 1217 2494 1281 per
2548 1195 2820 1259 corriere
2863 1217 2903 1257 a
2949 1201 3128 1278 posta
3156 1192 3229 1277 ³),

570 1302 633 1368 la
678 1302 864 1391 quale
909 1327 1024 1390 per
1070 1305 1218 1389 ogni
1263 1306 1521 1392 rispetto
1570 1306 1759 1371 credo
1806 1304 1921 1369 6116
1969 1304 2126 1369 dara
2167 1302 2582 1368 satisfattione
2613 1324 2653 1365 a
2684 1300 2915 1366 Nostro
2947 1300 3228 1386 Signore,

507 1407 510 1411 ’
571 1412 803 1475 61661116
864 1410 947 1475 116
1004 1411 1152 1477 (1616
1199 1435 1239 1477 6
1292 1436 1393 1477 1116
1453 1423 1516 1478 61
1568 1437 1607 1477 a
1665 1414 1811 1478 tutti
1866 1413 2070 1499 questi
2125 1410 2269 1475 altri
2317 1406 2451 1474 Rufi.
2544 1409 2594 1472 si
2643 1410 2677 1473 ὸ
2732 1407 2934 1472 666116
2988 1406 3231 1471 havuta

570 1516 872 1603 l'alligata
916 1519 1212 1584 scrittura
1257 1521 1321 1583 in
1371 1520 1651 1603 tedesco,
1696 1520 1739 1583 il
1789 1520 2129 1584 summario
2177 1517 2342 1582 della
2386 1516 2571 1605 quale
2618 1553 2700 1563 -
2750 1538 2864 1601 per
2920 1513 3063 1601 quel
3111 1512 3229 1578 6116

487 1632 556 1686 10
575 1632 773 1712 spetta
820 1624 944 1690 alla
991 1627 1257 1691 materia
1302 1626 1467 1691 della
1511 1626 1812 1712 religione
1862 1665 1942 1675 —-
1994 1628 2029 1689 e
2075 1623 2218 1712 quel
2266 1623 2381 1690 che
2427 1622 2800 1688 similmentc
2832 1621 3063 1687 mando
3109 1643 3227 1687 con

568 1741 821 1818 questa,
883 1733 1118 1799 datomi
1177 1733 1281 1799 dal
1343 1734 1627 1800 cardinal
1698 1733 1762 1797 di
1819 1732 2058 1798 'Frento
2072 1783 2090 1816 ,
2150 1732 2195 1796 il
2257 1730 2373 1795 6116
2431 1730 2807 1794 611611616616
2864 1728 3066 1794 dovra
3132 1751 3230 1792 sa·

713 1914 751 1981 ¹)
798 1912 908 1982 1791.
947 1914 1102 1968 Mon.
1144 1913 1296 1968 Tria.
1335 1931 1451 1968 mr.
1489 1918 1574 1968 58.
1615 1918 1701 1967 61.

713 2000 755 2070 2)
792 2002 1109 2057 Massarclli
1145 2003 1402 2057 berichtet
1437 2020 1561 2058 zum
1596 2005 1717 2057 25..·
1764 2001 2057 2055 Fari-‚osius
2107 2002 2333 2056 intravit
2378 2002 2515 2055 hora
2563 2000 2634 2054 20
2684 2017 2810 2054 cum
2862 1997 3087 2052 dimidio
3132 2014 3231 2068 per

570 2098 786 2159 portam
818 2091 1017 2161 pontis,
1055 2093 1276 2146 veniens
1314 2109 1344 2146 6
1382 2100 1564 2146 castro
1603 2090 1774 2144 Rivae
1812 2108 1981 2161 supra
2020 2090 2315 2157 Benacum,
2353 2089 2450 2144 ubi
2487 2089 2833 2159 applicuerat
2860 2088 3117 2142 hesterna
3142 2087 3231 2140 dic

486 2177 550 2231 15
567 2180 702 2235 hora
738 2181 836 2249 21,
888 2187 1152 2251 exceptus
1202 2198 1236 2234 a
1272 2178 1409 2233 Rufi*
1437 2182 1505 2234 de
1545 2179 1759 2246 Monte,
1810 2179 2047 2234 Sanctae
2096 2179 2291 2235 Crucis
2339 2188 2395 2233 et
2440 2178 2794 2246 Tridentino,
2843 2177 2940 2248 qui
2979 2193 3104 2230 eum
3154 2174 3227 2230 ibi

569 2277 993 2340 expectaverant
1044 2277 1101 2324 et
1150 2270 1255 2324 hoc
1307 2286 1464 2323 mane
1514 2270 1569 2322 in
1620 2268 1815 2324 Castro
1854 2268 2027 2322 Archi
2064 2267 2275 2338 [Areo]
2324 2268 2511 2339 pransi
2556 2267 2776 2321 fucrant:
2821 2267 3055 2320 maximo
3103 2283 3228 2321 cum

568 2359 719 2415 fastu
752 2388 814 2398 —-
845 2368 1004 2414 erant
1029 2359 1173 2413 enim
1202 2365 1320 2412 tum
1347 2359 1403 2411 in
1434 2359 1667 2413 rotundo
1705 2364 1888 2413 monte
1925 2366 2081 2412 extra
2117 2357 2472 2425 Tridentum,
2496 2373 2661 2428 quem
2697 2362 2940 2411 castrum
2978 2356 3228 2410 Tridenti

568 2456 784 2517 vocant,
822 2455 942 2503 tum
978 2448 1036 2502 in
1073 2447 1492 2520 propugnaculo
1529 2464 1697 2517 supra
1733 2455 1947 2517 portam
1970 2489 1983 2514 ,
2027 2454 2144 2501 tum
2192 2448 2247 2501 in
2286 2455 2437 2503 turre
2475 2446 2713 2501 civitatis
2750 2446 2806 2500 in
2844 2446 3028 2517 platea
3063 2463 3228 2517 quam

569 2538 837 2608 plurimae
888 2536 1222 2591 bombardae
1276 2567 1375 2605 —-,
1426 2537 1666 2591 sociatus
1715 2554 1751 2590 a
1799 2535 1979 2590 tribus
2029 2535 2167 2589 R¹¹¹³³
2206 2535 2539 2607 supradictis
2585 2543 2641 2590 et
2690 2536 2962 2607 episcopis
2999 2534 3228 2590 Cavensi

481 2626 754 2696 20[Giov.
796 2627 846 2680 T
842 2644 1081 2681 ommaso
1131 2625 1467 2697 SaufeliceJ,
1507 2626 1775 2680 Feltrensi
1825 2624 2143 2695 [Tommaso
2194 2624 2545 2695 Campeyqu,
2594 2625 2897 2680 Jacomello
2933 2623 3068 2694 [von
3104 2625 3231 2679 Bel-

570 2721 747 2769 castro
741 2714 795 2785 J,
818 2715 1189 2770 Bituntinensi
1212 2714 1497 2785 [Cornelio
1518 2713 1761 2785 Mussnj,
1782 2714 2176 2769 Bertinorionsi
2196 2714 2222 2784 l
2235 2714 2510 2770 Tommaso
2541 2713 2780 2783 Gasello]
2808 2721 2865 2769 et
2884 2713 3231 2784 MaJoriceusi

569 2804 1004 2876 [Giambattista
1044 2805 1368 2876 Campeyyi]
1405 2814 1462 2861 et
1491 2806 1764 2873 Dandino‚
1803 2806 1898 2876 qui
1938 2823 2063 2860 cum
2099 2805 2363 2859 Farnesio
2400 2811 2536 2873 erat,
2572 2803 2622 2858 d.
2654 2804 2867 2859 Didaco
2902 2820 2937 2857 6
2966 2803 3234 2858 Mendoca

569 2904 782 2950 oratore
839 2895 1116 2961 Caesareo,
1173 2896 1612 2950 commendatore
1668 2895 1867 2966 Cypri,
1917 2895 1968 2948 d.
2019 2894 2318 2949 Francisco
2370 2911 2405 2948 a
2451 2894 2751 2950 Castelalto
2802 2934 2814 2948 .
2847 2934 2906 2948 ..
2959 2900 3016 2948 et
3063 2910 3230 2964 quam

570 2985 820 3055 pluribus
857 2986 982 3040 aliis
1010 2984 1288 3039 nobilibus
1317 2984 1678 3050 Germanicis,
1709 3001 1810 3039 666
1838 3002 1944 3038 non
1981 2985 2212 3055 triginta
2247 2983 2426 3039 tribus
2463 2983 2758 3053 nobilibus,
2794 2983 2891 3055 qui
2928 3000 3027 3054 per
3062 2999 3232 3054 equos

481 3072 550 3126 25
568 3074 862 3143 dispositos
892 3074 1058 3129 Suam
1089 3074 1251 3127 Rmnm
1290 3072 1734 3129 Dominationem
1764 3072 2138 3144 sequebantur
2172 3073 2382 3143 [ciniye
2407 3073 2628 3128 Nomen
2661 3092 2703 3128 3.
2735 3074 2865 3128 oben
2898 3089 2971 3127 zu
2996 3089 3081 3126 nr.
3113 3070 3230 3142 13].

618 3191 637 3202 ·
667 3192 685 3202 ·
736 3164 926 3234 itaque
975 3181 1160 3218 omnes
1212 3180 1437 3218 numero
1488 3164 1595 3218 250
1653 3163 1868 3233 equites
1919 3162 2233 3232 hospitatus
2291 3170 2377 3216 est
2434 3162 2490 3216 in
2544 3163 2751 3234 palatio
2806 3162 2955 3215 ΒΜ*
3004 3161 3231 3215 Triden-

572 3253 735 3318 tinus,
773 3253 869 3307 ubi
909 3252 1309 3307 descenderunt
1346 3252 1510 3306 ctiam
1551 3252 1736 3322 legati,
1774 3252 1869 3322 qui
1908 3251 2074 3306 etiam
2113 3267 2224 3305 una
2260 3252 2444 3306 cenati
2480 3256 2636 3320 sunt,
2684 3253 2905 3322 egregie
2942 3269 3000 3305 se
3037 3266 3232 3321 gerens

571 3340 928 3396 Tridentinus
966 3341 1393 3412 liberaliterque.
1467 3341 1603 3395 hora
1638 3348 1824 3395 autem
1862 3341 1934 3393 24
1971 3340 2025 3393 in
2064 3339 2461 3395 habitationem
2499 3342 2775 3412 propriam
2814 3340 3096 3394 redierunt
3122 3337 3232 3392 Rmi

573 3431 758 3501 legati.
833 3430 964 3485 Cod.
1004 3430 1171 3484 Bai-b.
1211 3430 1348 3484 XVI
1388 3431 1455 3483 27
1494 3430 1585 3485 fol.
1627 3431 1905 3484 29n-3oa.
1980 3429 2236 3485 Derselbe
2270 3447 2392 3484 zum
2427 3434 2502 3484 26
2537 3431 2711 3499 April
2751 3430 2867 3499 (fol.
2905 3427 3063 3493 30²):
3100 3427 3230 3484 Car-

482 3518 767 3574 30dinalis
806 3519 1043 3575 Sanctae
1080 3519 1276 3574 Crucis
1313 3520 1413 3573 ivit
1462 3537 1674 3573 summo
1722 3535 1882 3573 mane
1927 3519 1998 3573 ad
2035 3519 2365 3573 cardinalem
2413 3518 2763 3585 Farnesium,
2812 3537 2937 3574 cum
2988 3535 3099 3589 quo
3135 3533 3234 3588 per

570 3609 708 3664 duas
744 3609 906 3663 horas
946 3610 1163 3664 locutus
1200 3618 1286 3663 est
1325 3651 1334 3661 .
1369 3651 1379 3662 .
1414 3650 1424 3662 .
1499 3608 1791 3663 cardinalis
1829 3608 2186 3663 Tridentinus
2232 3606 2737 3663 munificentissime
2774 3607 3036 3662 Farnesio
3072 3625 3230 3678 pran-

570 3698 719 3752 dium
757 3699 907 3754 fecit.
948 3729 1014 3738 —
1067 3700 1211 3753 Zum
1246 3703 1323 3753 27
1360 3699 1530 3768 April
1565 3698 1843 3766 (ibide-m).·
1893 3697 2209 3753 Cardinales
2246 3697 2542 3753 Farnesius
2588 3706 2643 3754 et
2680 3697 3039 3753 Tridentinus
3073 3713 3231 3751 vene-

569 3795 701 3843 runt
736 3789 1019 3843 visitatum
1058 3789 1204 3842 R¹¹¹⁰⁸
1241 3788 1308 3842 de
1346 3787 1534 3842 Monte
1571 3794 1628 3841 et
1665 3787 1900 3842 Sanctae
1939 3786 2133 3842 Crucis
2180 3805 2292 3841 una
2340 3805 2467 3842 cum
2504 3786 2721 3842 domino
2759 3787 2973 3842 Didaco
3018 3793 3233 3841 oratore

571 3877 840 3933 Caesareo
895 3879 1030 3932 hora
1082 3879 1149 3932 19
1207 3920 1218 3931 .
1262 3919 1273 3932 .
1316 3918 1327 3931 .
1383 3877 1609 3932 fuerunt
1662 3876 1883 3931 insimul
1939 3894 2038 3948 per
2091 3877 2230 3931 duas
2286 3877 2479 3944 boras,·
2538 3876 2734 3931 deinde
2787 3877 2889 3931 ivit
2937 3876 3233 3931 Farncsius

482 3965 553 4018 35
572 3967 748 4021 visum
799 3984 1045 4022 cameras
1094 3983 1281 4021 omnes
1333 3968 1620 4037 utriusque
1671 3966 1869 4037 legati3
1920 3974 2113 4036 postea
2168 3967 2444 4022 civitatem
2501 3966 2922 4037 pei-lustrarunt.
2973 3997 3041 4005 —
3091 3966 3234 4019 Dem

571 4055 863 4111 Kardinal
898 4057 1131 4111 Marone
1166 4057 1353 4110 teilten
1388 4057 1579 4110 Monte
1615 4056 1736 4109 und
1775 4054 1996 4110 Ceu-cini
2033 4073 2123 4110 am
2159 4058 2250 4110 26.
2282 4056 2372 4109 die
2401 4056 2662 4121 Anktmst
2688 4055 2963 4110 Farneses
2987 4056 3106 4122 mit,
3137 4055 3233 4110 der

570 4146 633 4200 in
666 4147 797 4200 zwei
837 4147 1021 4215 Tagen
1054 4146 1201 4200 scine
1237 4146 1402 4201 Reice
1437 4145 1731 4211 sortscezen
1766 4145 1961 4213 werde,
1997 4144 2120 4198 und
2156 4145 2423 4201 dm‘ckten
2458 4145 2551 4199 dic
2579 4145 2925 4213 Emartwny
2952 4161 3074 4212 aus,
3112 4140 3232 4212 dass

569 4236 718 4290 scine
752 4235 997 4290 Mission
1031 4235 1127 4301 seir
1161 4234 1254 4289 die
1290 4234 1638 4300 offentlichen
1674 4235 2167 4304 Amycleyenkeiwn
2211 4235 2332 4288 und
2382 4234 2671 4289 besondera
2717 4232 2818 4298 far
2862 4234 2966 4288 das
3010 4234 3231 4300 Konzil,

570 4324 625 4378 al
663 4324 827 4395 quale
863 4324 881 4377 i
919 4323 1190 4380 Catholici
1228 4324 1284 4377 in
1322 4324 1378 4377 la
1414 4324 1496 4378 ior
1531 4325 1770 4394 risposta
1804 4322 1913 4393 [cm
1949 4323 2022 4377 K.
2059 4323 2418 4392 Ferdinand,
2463 4341 2584 4379 vom
2621 4328 2656 4377 3
2692 4324 2866 4396 April
2874 4342 2894 4390 ,·
2944 4324 3050 4393 vyl.
3097 4323 3233 4377 oben

482 4409 553 4464 40
573 4412 627 4467 S.
651 4417 725 4468 92
746 4414 907 4468 Anm.
932 4411 993 4482 1]
1011 4419 1480 4467 constantemcnte
1509 4413 1553 4466 si
1574 4430 1707 4467 sono
1725 4412 1956 4480 rimessi,
1983 4413 2443 4482 fruchtbm’nymd
2468 4413 2585 4468 sein
2602 4414 2794 4481 werde,
2814 4413 3231 4468 continuandosi

573 4501 611 4555 li
649 4502 786 4557 avisi
823 4502 879 4555 di
907 4502 1218 4570 Vormacia,
1257 4502 1466 4572 liquali‚
1503 4499 1700 4572 poiche
1729 4518 1828 4572 per
1863 4501 1902 4554 il
1941 4503 2235 4556 secretario
2272 4502 2359 4555 del
2397 4502 2672 4556 cardinale
2699 4502 3014 4572 d’Augusta
3048 4502 3230 4555 hanno

572 4591 750 4645 intesa
785 4591 1028 4645 l’andata
1063 4591 1118 4645 di
1157 4590 1270 4645 Sua
1305 4589 1561 4662 Signoria
1599 4589 1736 4658 ΒΜ,
1775 4608 1907 4645 6666
1944 4591 2184 4646 tuttavia
2219 4590 2523 4661 megliorati
2562 4597 2619 4645 et
2654 4608 2756 4661 par
2791 4592 2893 4645 che
2930 4591 3012 4644 sia
3050 4597 3230 4660 aspet-

572 4685 691 4734 tata
726 4697 829 4735 con
867 4680 1149 4734 desiderio.
1224 4679 1389 4735 Carte
1426 4679 1638 4735 Cervin.
1678 4678 1805 4733 filza
1839 4681 1892 4743 4,
1932 4681 2035 4733 144
2072 4680 2248 4734 Kone.

714 4767 755 4837 ⁸)
792 4768 910 4823 Eia
945 4767 1120 4833 Brief
1148 4768 1242 4824 des
1276 4769 1591 4824 Kardinals
1626 4786 1735 4824 von
1771 4769 2070 4838 Auysburq
2115 4786 2194 4823 an
2241 4768 2488 4823 Fau-nese
2536 4768 2696 4836 fehlt,
2745 4769 2850 4823 wir
2896 4768 3074 4822 haben
3116 4784 3231 4821 nur

484 4854 554 4908 45
576 4858 663 4913 die
698 4860 865 4915 sehon
901 4860 1213 4914 erwahnten
1247 4859 1441 4925 Briefe
1477 4859 1569 4914 des
1605 4864 1840 4915 craterem
1876 4875 1955 4914 om
1991 4859 2079 4913 die
2113 4858 2372 4929 Leqatm
3145 4850 3150 4856 ’
