3859 5575
412 566 551 618 1545

376 636 595 691 Okt.15

629 349 738 424 858
1566 354 1665 422 No.
1703 359 1799 421 742
1841 366 1981 421 1545
2017 361 2250 421 Oktobor
2287 361 2371 421 15.

634 560 750 626 6116
794 583 983 626 senza
1027 583 1163 627 esso
1208 584 1334 628 non
1381 563 1434 627 si
1465 563 1705 628 facesse
1751 563 1830 626 ne
1879 563 1928 627 si
1978 562 2155 628 desse
2200 563 2605 649 expeditione
2651 585 2690 627 a
2734 584 2880 627 cosa
2925 561 3168 627 alcuna.
3260 562 3298 626 e

630 676 865 734 venuto
912 668 1112 734 anche
1158 670 1524 756 monsignor
1568 669 1629 734 d’
1632 668 1832 734 Arras
1862 667 1931 756 ¹).

808 776 933 842 Noi
976 776 1037 841 lo
1085 777 1325 842 fummo
1373 775 1580 842 subito
1626 800 1664 842 a
1711 777 1967 842 visitare
2011 784 2074 842 et
2117 778 2174 842 ci
2221 777 2497 842 raccolse
2544 800 2664 842 con
2719 776 3061 842 bonissima
3107 777 3290 841 ciera.

629 883 674 948 li
720 884 788 948 fu
832 884 985 950 data
1029 891 1210 972 parte
1255 884 1319 949 di
1366 890 1529 949 tutto
1576 883 1782 972 quello
1829 883 1946 949 6116
2003 886 2054 948 si
2100 907 2210 949 era
2255 886 2616 970 negociato‚
2679 892 2742 950 et
2785 884 2827 949 li
2874 885 3098 950 furono
3143 884 3297 948 fatte

627 990 689 1056 le
734 991 949 1078 parole
994 999 1057 1058 et
1103 992 1294 1058 officii
1341 991 1539 1057 debiti
1600 999 1777 1057 tanto
1835 991 1918 1057 da
1963 998 2144 1078 parte
2199 992 2263 1056 di
2310 991 2543 1057 Nostra
2588 992 2854 1078 Signore
2911 1014 3090 1057 corne
3131 990 3296 1056 della
3354 1004 3390 1057 5

631 1097 692 1164 S.
743 1099 819 1163 V.
866 1099 1012 1165 Rm.

807 1205 909 1271 La
953 1229 1070 1272 sua
1113 1208 1381 1294 risposta
1427 1206 1495 1271 fu
1539 1208 1730 1294 piena
1775 1204 1841 1271 di
1887 1205 2218 1270 humanita
2263 1213 2326 1270 et
2371 1206 2436 1270 di
2483 1207 2971 1272 demostratione
3016 1206 3083 1271 di
3129 1206 3297 1271 bona

629 1314 976 1379 intentione
1024 1337 1206 1380 verso
1253 1312 1458 1402 quello
1507 1313 1621 1379 che
1668 1314 1720 1378 si
1766 1315 1892 1401 pub
1940 1313 2298 1378 desiderare
2344 1314 2426 1378 da
2471 1313 2578 1397 lui,
2640 1322 2701 1379 et
2744 1312 3295 1400 particolarmente

630 1421 696 1486 di
743 1442 1118 1486 conservare
1162 1428 1224 1487 et
1253 1444 1611 1487 accrescere
1655 1420 1718 1485 la
1747 1419 1918 1485 bona
1948 1421 2180 1486 unione
2225 1428 2290 1485 et
2318 1419 2730 1506 intelligentia
2777 1419 2893 1484 che
2939 1421 2975 1484 e
3021 1428 3121 1485 tra
3166 1420 3296 1486 Sua

629 1528 876 1595 Santita
921 1536 983 1594 et
1021 1529 1153 1595 Sua
1183 1529 1445 1612 Maesta,
1492 1528 1558 1593 di
1606 1527 1721 1593 che
1766 1530 1820 1592 si
1849 1527 2119 1614 rallegro
2165 1549 2368 1593 essere
2414 1534 2575 1593 stato
2607 1536 2826 1592 autore
2872 1535 2936 1593 et
2965 1529 3295 1616 principie,
3319 1541 3391 1593 10

630 1637 886 1725 quando
944 1637 1039 1703 661
1095 1659 1309 1702 mezzo
1371 1635 1473 1701 del
1532 1634 1816 1701 cardinal
1864 1634 2219 1722 d'Augusta
2278 1636 2468 1722 opero
2516 1634 2631 1700 6116
2678 1635 2755 1701 V.
2789 1634 2853 1700 S.
2885 1635 3013 1700 ΒΨ·
3058 1635 3297 1700 facesse

628 1744 672 1809 il
718 1746 972 1831 viaggio
1018 1745 1084 1809 di
1116 1745 1463 1829 Vormatia,
1511 1743 1618 1809 dal
1663 1743 1849 1832 quale
1896 1745 1930 1807 6
1979 1765 2267 1809 successo
2312 1745 2418 1830 poi
2465 1744 2594 1808 cosi
2644 1742 2769 1807 bon
2815 1742 3126 1830 principio
3175 1742 3293 1807 che

629 1849 751 1937 egli
800 1852 965 1917 tiene
1010 1852 1072 1916 la
1117 1875 1264 1917 cosa
1309 1875 1421 1938 per
1466 1852 1588 1916 ben
1637 1851 1911 1916 fondata.
2005 1857 2067 1915 et
2113 1853 2242 1916 cosi
2287 1852 2353 1914 in
2398 1859 2620 1939 questa
2663 1860 2845 1939 parte
2905 1852 2962 1914 ci
3009 1850 3295 1915 satisfece

629 1959 811 2042 assai,
859 1958 1332 2024 confessandoci
1378 1957 1787 2024 liberamente
1833 1957 1949 2024 che
1995 1958 2060 2022 di
2106 1965 2327 2045 questa
2380 1956 2795 2044 intelligentia
2854 1981 2966 2023 era
3021 1959 3134 2045 pili
3180 1956 3297 2022 che

628 2067 981 2131 necessario
1030 2065 1155 2131 alla
1200 2064 1608 2131 Christianita
1652 2074 1715 2131 et
1759 2065 1882 2130 alla
1928 2073 2145 2130 nostra
2190 2064 2509 2152 religione,
2540 2068 2818 2130 maxime
2863 2088 2980 2151 per
3026 2065 3295 2130 mandar
3320 2078 3384 2130 15

627 2174 838 2237 inanzi
881 2171 922 2237 l'
968 2174 1262 2259 impresa,
1308 2172 1433 2238 alla
1477 2172 1663 2261 quale
1707 2197 1835 2239 non
1883 2174 1935 2238 si
1980 2172 2230 2238 haveva
2276 2172 2358 2237 da
2389 2172 2728 2238 manchare
2772 2175 2839 2237 in
2871 2172 3058 2239 alcun
3105 2174 3293 2238 modo

630 2288 804 2345 tanto
854 2278 1022 2345 dalla
1069 2279 1281 2345 banda
1326 2280 1393 2345 di
1438 2280 1569 2346 Sua
1615 2279 1865 2345 Santita
1909 2303 2089 2346 come
2133 2281 2217 2346 da
2248 2280 2458 2367 quella
2503 2280 2567 2344 di
2608 2280 2740 2346 Sua
2770 2280 3033 2365 Maesta,
3080 2280 3292 2347 dicen·

628 2387 772 2452 doci
819 2386 1369 2474 particolarmente
1415 2387 1529 2453 che
1575 2411 1763 2454 senza
1808 2411 1949 2453 essa
2005 2412 2134 2454 non
2192 2386 2461 2474 bisogna
2522 2387 2883 2455 facilmente
2941 2411 3208 2475 pensare
3253 2412 3294 2454 a

628 2501 808 2582 poter
852 2494 1083 2560 vedere
1131 2493 1258 2559 bon
1311 2495 1506 2560 frutto
1569 2494 1670 2561 del
1729 2495 2025 2579 concili0‚
2086 2519 2206 2561 con
2263 2496 2455 2561 molte
2513 2496 2670 2562 altre
2730 2495 2892 2561 bone
2952 2495 3169 2583 parole
3227 2499 3289 2560 in

629 2609 849 2688 questo
895 2603 1235 2690 proposito.
3311 2614 3384 2668 20

807 2707 1063 2790 Quanto
1095 2708 1197 2774 all'
1230 2707 1653 2775 exhortationi
1701 2709 1766 2774 di
1797 2709 1930 2776 Sua
1961 2708 2209 2775 Santita
2238 2732 2352 2797 per
2380 2709 2444 2774 la
2487 2733 2641 2775 vera
2684 2716 2747 2776 et
2791 2708 3014 2774 stabile
3059 2711 3291 2774 unione

626 2824 726 2882 tra
771 2816 902 2883 Sua
946 2817 1193 2883 Maesta
1238 2826 1300 2883 et
1345 2816 1388 2882 il
1434 2841 1502 2884 re
1526 2810 1831 2884 'Christ'¹¹¹0
1879 2819 2045 2883 disse
2092 2818 2207 2883 che
2252 2818 2382 2883 Sua
2414 2819 2815 2884 Beatitudine
2860 2818 3083 2883 faceva
3130 2816 3291 2884 bene

625 2948 666 2990 a
709 2924 869 2991 farla
913 2932 976 2989 et
1021 2923 1136 2990 che
1181 2946 1296 3011 per
1341 2932 1511 2991 certo
1544 2949 1654 2991 era
1685 2926 2057 3009 necessaria,
2105 2933 2168 2990 et
2213 2924 2330 2990 che
2364 2925 2468 2989 dal
2500 2933 2685 2991 canto
2719 2924 2859 2990 dell'
2908 2926 3288 3011 imperatore

625 3055 754 3097 non
785 3033 833 3097 si
867 3031 1293 3098 mancarebbe
1323 3033 1534 3120 d'ogni
1568 3055 1716 3099 cosa
1758 3030 2054 3120 possibile
2085 3040 2222 3115 etc.‚
2267 3040 2329 3097 et
2377 3032 2492 3096 6116
2530 3031 2616 3097 1111
2663 3055 2788 3097 11611
2824 3031 3290 3099 mancharebbe

624 3138 686 3204 al
732 3138 946 3205 debito
994 3161 1125 3205 suo.
3309 3148 3382 3203 25

804 3246 1062 3327 Quanto
1108 3245 1233 3313 alla
1278 3254 1455 3334 parte
1501 3248 1665 3313 della
1707 3246 2116 3312 translatione
2162 3245 2263 3311 del
2311 3245 2576 3311 concilio
2623 3254 2738 3311 etc.
2805 3269 2929 3311 non
2977 3248 3030 3311 si
3076 3254 3290 3313 extese

623 3353 998 3435 altrimenti3
1044 3378 1151 3420 ma
1197 3353 1329 3420 solo
1375 3356 1540 3421 disse
1601 3354 1717 3420 6116
1763 3352 2085 3420 vedrebbe
2143 3352 2206 3419 la
2262 3353 2639 3419 resolutione
2702 3353 2817 3419 che
2864 3353 2997 3419 Sua
3043 3354 3291 3420 Maesta

624 3463 680 3527 ci
726 3461 980 3527 haveva
1024 3485 1210 3549 presa
1255 3471 1318 3528 et
1361 3465 1467 3549 poi
1517 3464 1566 3527 si
1613 3461 1920 3549 potrebbe
1967 3463 2349 3548 ragionarne
2396 3469 2495 3525 tra
2541 3461 2662 3525 noi.

803 3569 880 3636 Oi
926 3570 1091 3635 disse
1137 3572 1244 3657 poi
1291 3569 1405 3636 che
1437 3570 1749 3651 CorneliO,
1796 3568 1983 3657 quale
2014 3568 2146 3634 Sua
2178 3568 2422 3633 Maesta
2468 3568 2700 3633 mando
2746 3591 2786 3632 a
2832 3570 3034 3654 questi
3079 3571 3287 3656 giorni

621 3677 688 3740 in
734 3675 1114 3763 Inghilterra
1157 3701 1272 3764 per
1316 3677 1372 3742 le
1420 3700 1562 3743 cose
1617 3677 1783 3743 della
1843 3676 2183 3742 concordia
2241 3698 2361 3742 con
2408 3676 2711 3755 Francia,
2769 3698 2879 3741 era
2923 3684 3172 3743 tornato
3202 3676 3380 3767 ²)330

770 3874 805 3941 ¹)
843 3874 964 3927 Der
998 3875 1375 3930 Anwesenheit
1424 3876 1569 3930 eines
1616 3874 1863 3930 anderen
1898 3873 2102 3929 Sohnes
2141 3874 2497 3942 Granvellas,
2549 3874 2879 3944 Monsiynor
2916 3874 2978 3928 di
3014 3875 3289 3931 Giantone

620 3963 881 4029 (Thomas
914 3962 1250 4019 Pers-emotus
1286 3964 1541 4019 dominus
1578 3982 1614 4017 a
1644 3962 1972 4031 chamaam,
2011 3963 2094 4017 bei
2121 3964 2502 4031 mameranus,
2539 3963 2715 4019 Gatal.
2745 3964 2911 4018 aulae
2950 3963 3096 4019 Caes.
3132 3983 3191 4034 p.
3221 3968 3288 4019 41

619 4059 788 4107 ατηεν
826 4052 933 4106 den
973 4052 1199 4108 Nobiles
1236 4070 1454 4108 mensae
1491 4052 1805 4122 Germani),
1855 4052 2001 4108 wird
2049 4053 2245 4107 bereits
2291 4053 2356 4106 in
2403 4053 2499 4107 der
2546 4069 2616 4107 zu
2669 4070 2755 4107 nr.
2797 4057 2868 4107 72
2918 4054 3288 4124 anyefahrten

618 4146 673 4197 2.
705 4142 980 4211 Depesche
1019 4142 1117 4196 der
1153 4143 1510 4212 Pdpstlichen
1548 4160 1667 4199 vom
1706 4146 1793 4197 10.
1826 4142 2092 4212 qedacht:
2129 4160 2230 4197 con
2268 4147 2437 4197 molto
2482 4142 2704 4213 piacere
2743 4144 2917 4197 intese
2954 4143 3056 4198 che
3097 4145 3151 4198 la
3186 4162 3288 4199 sua

620 4231 924 4303 speditione
952 4232 1103 4287 fusse
1129 4239 1348 4303 venata,
1386 4241 1444 4287 et
1479 4232 1623 4287 disse
1662 4233 1766 4288 6116
1803 4250 1902 4287 suo
1939 4232 2110 4303 padre
2146 4239 2203 4287 et
2228 4232 2304 4287 lui
2333 4249 2401 4287 ne
2430 4239 2717 4288 restavano
2747 4250 2848 4287 con
2880 4234 3049 4289 molto
3076 4234 3279 4307 obligo
3302 4237 3373 4291 35

763 4320 803 4391 ²)
841 4323 951 4376 Am
986 4326 1054 4377 13
1093 4320 1327 4377 Oktober
1362 4325 1483 4377 taut
1518 4324 1837 4393 Navayeros
1865 4322 2141 4391 Depesche
2178 4339 2298 4377 vom
2333 4326 2415 4375 16.
2490 4322 2629 4376 Uber
2666 4321 2770 4376 das
2797 4322 3072 4393 Eryebnis
3107 4326 3288 4379 seiner

618 4411 884 4483 Sendtmy
921 4411 1170 4483 v91.das
1202 4412 1495 4467 Schreiben
1532 4411 1626 4467 des
1662 4412 1972 4481 enylisehm
2007 4412 2322 4466 Staatsrats
2367 4429 2444 4464 an
2495 4410 2720 4482 Thirlby
2755 4428 2872 4467 vom
2919 4416 2988 4466 10
3028 4411 3287 4469 Oktober:

616 4500 968 4571 Statepapers
994 4502 1097 4556 vol.
1127 4502 1189 4555 X
1216 4519 1301 4556 nr.
1333 4505 1491 4556 1229.
1524 4532 1589 4541 —-
1628 4503 1923 4571 Navayero
1960 4519 2011 4554 a.
2041 4519 2092 4554 α.
2127 4501 2187 4555 Ο.
2217 4501 2453 4555 erzdihlt:
2488 4501 2758 4557 nachdem
2785 4501 3061 4570 Schepper
3096 4503 3284 4557 seinen

616 4592 843 4646 Bericht
877 4596 1159 4660 astutia,
1209 4586 1324 4660 liess
1365 4592 1665 4647 Granvella
1713 4591 1819 4646 den
1863 4591 2273 4658 framosischen
2311 4590 2630 4646 Gesandten
2667 4592 2932 4660 Mena-oss
2976 4609 3069 4647 am
3105 4596 3186 4646 15.
3223 4595 3287 4648 in

617 4681 757 4735 aller
781 4680 972 4736 Frmw
997 4698 1067 4736 zu
1103 4681 1220 4736 sich
1256 4681 1532 4735 entbieten
1567 4680 1690 4736 und
1724 4686 1880 4750 sayte
1914 4681 2045 4748 ihm,
2081 4679 2352 4749 Schepper
2388 4680 2526 4735 habe
2561 4682 2693 4735 iiber
2729 4682 2888 4736 einen
2923 4682 3376 4738 &chamoam-40

616 4772 794 4832 lichen
831 4769 1130 4826 Stillstand
1178 4769 1527 4838 verbanden,
1576 4770 1842 4825 wahrend
1887 4770 2078 4825 dessen
2127 4769 2224 4824 der
2260 4770 2463 4825 Friede
2511 4772 2825 4826 vercinbart
2874 4771 3092 4826 werden
3138 4773 3284 4841 sollo,
