3859 5575
1427 440 1797 498 VII.—VIII.:
1839 444 1979 498 1545
2016 444 2124 499 Mai
2163 446 2246 500 18.
3064 442 3171 506 705

504 645 685 703 santa
733 637 793 702 al
839 645 1049 725 tempo
1098 639 1247 705 d'un
1294 647 1470 706 tanto
1516 642 1804 727 principe
1851 648 1914 706 et
1960 646 2136 705 tanto
2167 639 2350 706 felice
2394 663 2522 706 non
2569 643 2664 705 sia
2707 639 2982 707 lacerata
3026 640 3167 706 nell'
3255 645 3396 725 1545

503 747 767 833 imperio
802 746 1087 811 Romano
1134 770 1254 812 con
1301 755 1521 834 questa
1564 749 1910 833 ignominia
1958 753 2018 812 et
2064 745 2407 812 obbrobrio
2454 746 2569 813 che
2617 750 2667 812 si
2716 747 2876 813 vede
2923 748 2984 813 al
3030 771 3168 835 pre·
3206 714 3335 769 Mm
3363 717 3433 769 18

503 861 694 934 sente,
740 876 869 918 non
917 852 1260 919 solamente
1327 854 1492 918 nella
1538 856 1952 942 occupatione
1998 854 2078 919 de
2125 853 2271 919 beni
2318 854 2677 942 temporali,
2737 879 2844 920 ma
2902 878 2983 921 ne
3029 878 3168 921 san·

502 962 720 1026 tissimi
768 962 1143 1025 sacramenti
1190 968 1252 1027 et
1296 963 1361 1026 in
1406 969 1569 1027 tutto
1614 962 1658 1027 il
1704 971 1885 1028 resto.

450 1082 485 1136 5
681 1067 936 1149 Quanto
983 1067 1044 1132 al
1090 1068 1373 1154 deposito
1419 1067 1583 1133 nella
1644 1071 1850 1157 prima
1907 1069 2230 1134 audientia
2293 1070 2346 1134 si
2405 1072 2589 1156 potra
2646 1093 2774 1134 non
2819 1070 3039 1135 venire
3083 1072 3166 1136 ad

502 1174 689 1240 alcun
736 1174 1128 1262 particolare.
1224 1175 1604 1242 nondimeno
1667 1178 1752 1241 mi
1815 1178 2052 1263 riporto
2113 1175 2236 1263 agl’
2286 1176 2493 1241 ordini
2554 1185 2617 1242 et
2678 1176 2802 1242 alla
2847 1185 3055 1244 mente
3101 1178 3167 1243 di

501 1281 632 1349 Sua
678 1282 926 1347 Santita
969 1304 1031 1346 u.
1080 1302 1127 1347 s.
1174 1304 1247 1348 w.

680 1388 766 1453 Di
815 1389 1080 1454 Vormes
1125 1389 1232 1453 alli
1286 1400 1362 1457 18
1410 1389 1476 1453 di
1521 1392 1775 1476 maggio
1822 1389 1923 1454 nel
1972 1400 2073 1458 45.
3199 1401 3329 1456 Mai
3357 1405 3428 1455 18

515 1602 707 1668 VIII.
790 1602 1227 1685 Untmedunq
1281 1605 1398 1668 mit
1448 1603 1813 1669 Granvella.
1909 1604 2039 1670 Die
2094 1611 2252 1671 erste
2300 1606 2598 1670 Audiens
2643 1604 2958 1672 Fameses
3003 1607 3165 1671 1545
3201 1616 3329 1671 Mai
3357 1620 3424 1671 18

415 1724 485 1779 10
1530 1711 1685 1776 Mai
1730 1715 1815 1776 18
1872 1713 2138 1778 Worma

930 1835 1053 1900 Die
1103 1847 1183 1902 18
1231 1836 1402 1922 maJ'i.

683 1942 894 2007 Andai
943 1942 1026 2006 da
1071 1945 1434 2029 monsignor
1479 1943 1544 2007 di
1587 1942 1913 2008 Granvela
1960 1943 2025 2007 di
2073 1945 2467 2009 commission
2515 1945 2581 2008 di
2627 1946 2993 2030 monsignor
3038 1945 3163 2009 R¹¹¹⁰

501 2046 668 2129 Illum,
716 2049 1162 2115 domandando
1222 2050 1284 2115 la
1343 2052 1549 2136 prima
1613 2049 1936 2115 audientia
1994 2074 2109 2137 per
2169 2050 2376 2138 quella
2434 2051 2588 2116 hora
2634 2049 2735 2116 del
2780 2052 3001 2137 giorno
3050 2049 3165 2116 che

500 2157 779 2242 piacesse
823 2156 949 2221 alla
995 2157 1267 2222 Cesarea
1312 2157 1581 2240 Maesta,
1638 2165 1699 2222 et
1746 2159 1966 2244 pregai
2013 2159 2142 2223 Sua
2191 2159 2484 2243 Signoria
2529 2157 2644 2222 che
2690 2166 3164 2245 paternamente

413 2280 480 2333 15
500 2262 915 2348 consegliasse
959 2273 1022 2328 et
1067 2267 1336 2330 aiutasse
1384 2265 1443 2330 S.
1478 2265 1538 2328 S.
1573 2265 1699 2329 ΒΜ
1730 2264 1878 2330 Illm·
1924 2268 1991 2329 in
2040 2273 2260 2351 questa
2306 2265 2633 2349 legatione,
2681 2264 2805 2330 alla
2837 2263 3021 2352 quale
3054 2287 3165 2329 era

498 2378 732 2435 venuto
779 2370 874 2436 001
921 2394 1109 2457 parer
1153 2373 1219 2436 di
1264 2372 1435 2436 detto
1483 2374 1849 2457 monsignor
1880 2372 1944 2435 di
1978 2370 2303 2437 Granvela
2348 2381 2409 2437 et
2456 2394 2574 2436 con
2621 2372 2820 2437 ferma
2857 2394 3165 2458 speranza

497 2478 612 2544 che
656 2477 739 2542 ha
782 2501 1029 2565 sempre
1075 2478 1309 2544 havuto
1356 2478 1498 2544 nell'
1547 2502 1725 2543 amor
1773 2479 1887 2543 che
1934 2480 2064 2545 Sua
2096 2480 2386 2565 Signoria
2433 2487 2617 2565 porta
2663 2501 2702 2542 a
2746 2478 2845 2562 lei,
2892 2477 2954 2542 al
2999 2479 3164 2544 duca

499 2584 563 2649 di
588 2584 921 2650 Camerino
953 2594 1015 2650 et
1038 2594 1200 2651 tutta
1230 2586 1421 2652 l'Ill¹¹¹⁸
1452 2609 1615 2651 casa.
1677 2589 1762 2650 mi
1789 2588 2028 2673 rispose
2053 2609 2172 2651 con
2198 2585 2392 2651 molta
2416 2585 2742 2671 benignita
2765 2584 2880 2651 che
2904 2586 3162 2651 doman-

499 2691 678 2755 daria
709 2691 1072 2756 l’audientia
1105 2703 1166 2758 et
1213 2695 1262 2757 si
1310 2693 1638 2758 mandaria
1685 2717 1723 2757 a
1755 2694 1872 2758 dar
1902 2693 2101 2759 l'hora
2147 2701 2209 2758 et
2254 2716 2294 2757 a
2339 2692 2516 2758 levar
2562 2693 2624 2757 di
2669 2717 2816 2758 casa
2848 2694 2907 2758 S.
2941 2695 3001 2760 S.
3037 2695 3165 2758 Βῐιηι

409 2798 665 2868 QOlllm.
759 2810 821 2864 et
866 2810 1102 2886 quanto
1151 2800 1209 2864 al
1258 2802 1572 2885 conseglio
1619 2801 2004 2866 domandato
2052 2801 2354 2866 dimostro
2420 2802 2691 2888 parergli
2738 2800 2899 2866 bene
2945 2799 3060 2866 che
3105 2800 3164 2866 le

497 2907 906 2992 propositioni
956 2907 1206 2972 fusseno
1254 2930 1367 2993 per
1413 2907 1475 2971 la
1519 2910 1723 2993 prima
1771 2907 1942 2972 volta
1987 2907 2298 2993 generali,
2359 2908 2590 2996 perche
2652 2908 2696 2972 il
2741 2910 2990 2994 negotio
3038 2930 3161 2973 non

497 3015 547 3077 si
592 3011 927 3078 accabaria
959 3013 1009 3102 ¹)
1056 3013 1180 3078 alla
1224 3016 1429 3100 prima
1473 3015 1826 3097 audientia3
1887 3015 2057 3101 dipoi
2114 3038 2179 3080 se
2226 3017 2434 3079 verria
2480 3014 2540 3080 al
2588 3015 2999 3101 particulare,
3060 3016 3161 3080 nel

497 3120 683 3206 quale
713 3119 843 3184 Sua
875 3120 1169 3206 Signoria
1214 3144 1338 3185 non
1387 3122 1687 3185 mancara
1731 3122 1830 3185 sar
1876 3123 2026 3206 ogni
2071 3120 2281 3186 buono
2329 3122 2525 3187 offitio
2569 3146 2683 3209 per
2728 3123 2790 3186 16
2820 3124 3160 3207 reintegra-

499 3228 664 3292 tione
703 3236 800 3292 tra
831 3229 961 3294 Sua
993 3228 1242 3293 Santita
1270 3236 1333 3293 et
1365 3228 1494 3292 Sua
1525 3227 1795 3293 Cesarea
1828 3228 2089 3311 Maesta,
2137 3228 2568 3294 dimostrando
2617 3229 2909 3315 singolar’
2948 3252 3161 3295 amore

408 3351 537 3403 256
583 3335 642 3400 S.
691 3334 751 3399 S.
804 3335 930 3399 R¹¹¹⁸
974 3334 1121 3400 Ill¹¹¹⁸
1167 3344 1230 3400 et
1275 3334 1381 3400 alli
1427 3334 1674 3400 fratelli.

674 3442 947 3507 Ricordb
1007 3443 1121 3508 che
1183 3467 1248 3508 se
1309 3443 1369 3508 la
1416 3442 1662 3507 Maesta
1722 3443 1992 3508 Cesarea
2052 3442 2218 3508 nella
2278 3445 2487 3529 prima
2543 3444 2864 3509 audientia
2910 3466 3162 3531 paresse

497 3571 678 3613 secco
726 3549 791 3612 di
835 3549 1071 3635 parole,
1117 3574 1243 3615 non
1291 3552 1343 3615 si
1389 3549 1685 3637 pigliasse
1730 3549 2176 3628 admiratione,
2231 3550 2469 3635 perche
2513 3558 2736 3636 questa
2779 3573 2889 3616 era
2933 3558 3162 3616 natura

497 3679 644 3739 sua3
692 3657 1071 3722 nondimeno
1104 3657 1417 3722 ancorche
1465 3656 1523 3722 le
1555 3656 1769 3745 parole
1802 3658 2053 3721 susseno
2086 3658 2367 3738 asciutte,
2399 3655 2441 3720 li
2473 3656 2610 3720 fatti
2643 3679 2912 3721 saranno
2949 3654 3158 3721 buoni.

496 3772 559 3829 et
604 3764 670 3828 di
715 3772 877 3829 tutto
938 3765 1057 3828 feci
1117 3763 1326 3829 subito
1386 3764 1446 3828 la
1506 3767 1633 3830 mia
1695 3765 1995 3829 relatione
2041 3786 2081 3827 a
2127 3764 2186 3828 S.
2235 3764 2296 3829 S.
2344 3764 2501 3845 ΒΜ,
2567 3762 2813 3851 laquale
2858 3764 3160 3827 dimostro

405 3884 478 3937 30
498 3895 762 3958 pensare
808 3895 996 3959 sopra
1042 3870 1187 3959 quel
1234 3880 1429 3937 motto
1476 3871 1636 3937 delle
1682 3870 1898 3959 parole
1947 3872 2211 3935 asciutte
2257 3871 2336 3937 de
2383 3872 2830 3958 l'imperatore,
2891 3870 3160 3935 dicendo

496 3979 611 4044 che
671 3979 829 4045 altre
887 3979 1055 4043 volte
1111 3978 1243 4044 Sua
1300 3980 1549 4044 Maesta
1618 3980 1880 4044 havesse
1940 3980 2269 4065 ragionato
2329 4002 2368 4043 a
2436 3978 2625 4065 longo
2695 3989 2756 4043 et
2817 3977 3009 4043 molto
3069 3978 3158 4041 fa-

493 4085 928 4151 miliarmente.

671 4191 814 4257 Alle
865 4203 944 4259 12
993 4193 1144 4259 hore
1193 4218 1394 4260 venne
1440 4195 1807 4278 monsignor
1855 4192 2223 4258 Falconetto
2284 4215 2403 4257 con
2464 4192 2682 4258 ordine
2738 4191 2853 4257 che
2898 4191 3020 4258 alle
3066 4201 3161 4257 tre

493 4298 644 4364 hore
683 4301 732 4363 si
780 4302 991 4365 verria
1036 4324 1075 4364 a
1120 4300 1296 4366 levar
1341 4303 1709 4385 monsignor
1756 4300 1879 4364 R¹¹¹⁰
1928 4310 1992 4364 et
2035 4298 2318 4364 menarlo
2351 4323 2390 4363 a
2421 4299 2695 4385 palazzo,
2759 4309 2821 4363 et
2866 4302 2996 4364 cosi
3041 4298 3161 4363 alle

403 4416 476 4470 35
496 4415 589 4471 tre
636 4405 787 4471 hore
832 4409 1198 4492 monsignor
1225 4407 1323 4473 Lo
1355 4407 1636 4490 Grande,
1669 4406 2059 4472 cavalerizzo
2092 4407 2295 4471 maior
2337 4406 2401 4471 di
2434 4407 2563 4472 Sua
2596 4406 2866 4472 Cesarea
2898 4407 3159 4489 Maesta,

493 4522 557 4578 et
603 4515 964 4597 monsignor
1009 4513 1074 4577 di
1119 4514 1287 4579 Aras
1331 4515 1922 4601 l’accompagnorno
1971 4536 2011 4577 a
2055 4510 2331 4599 palazzo.
2400 4522 2462 4577 et
2507 4512 2568 4577 la
2615 4514 2860 4579 Maesta.
2890 4513 3162 4579 Cesarea

493 4622 620 4685 esci
665 4619 807 4684 fuor
852 4619 977 4685 due
1024 4623 1249 4685 stantie
1296 4632 1360 4685 et
1405 4644 1492 4685 un
1539 4623 1840 4687 corritoro
1887 4627 1951 4685 et
1996 4642 2204 4684 venne
2249 4621 2538 4685 incontro
2584 4643 2622 4685 a
2654 4622 2714 4687 S.
2747 4622 2808 4687 S.
2858 4621 2984 4686 R¹¹¹⁸
3029 4621 3157 4686 fino

640 4835 679 4903 ¹)
718 4833 1006 4904 Accapare
1045 4858 1107 4877 =
1150 4833 1417 4889 condurre
1454 4852 1489 4889 a
1527 4852 1682 4905 capu,
1718 4852 1754 4889 a
1790 4833 1914 4890 fine.

600 4939 1201 4992 Nuntiatutborichn,
1229 4941 1345 4987 orate
1372 4941 1625 5000 Abtounng.
1654 4940 1715 4987 sa
1761 4939 1878 4989 vm.
2663 4925 2736 4983 45
