3859 5575
1493 447 1590 502 No,
1634 450 1728 501 10:
1771 448 1906 501 1545
1946 447 2094 519 April
2134 449 2182 502 7.
3100 447 3169 508 97

503 641 643 705 und
695 642 801 705 des
859 644 1212 708 romischen
1271 643 1518 725 Ko‘niys
1562 643 1706 724 jede
1765 644 2156 726 Fb'rderuny.
2248 651 2310 708 et
2357 645 2421 708 in
2483 653 2703 732 questo
2751 646 3069 732 proposito
3117 647 3167 710 si
3243 650 3381 701 1545

503 747 676 812 dolse
723 748 824 813 del
866 748 1078 831 breve,
1128 749 1244 815 che
1275 751 1458 836 porto
1491 772 1724 815 messer
1755 749 1973 815 David
2007 755 2075 834 ¹),
2124 753 2186 815 in
2220 749 2424 838 quelle
2454 752 2702 838 parole:
2747 754 3170 836 „vocavimus
3208 719 3346 788 ²¹²⁷*
3379 723 3413 773 ⁷

503 864 564 920 ct
610 879 739 920 non
784 865 920 920 erat
966 859 1075 944 qui
1120 856 1398 939 audiret3
1463 857 1753 921 venimus
1817 865 1881 921 et
1925 880 2054 922 non
2102 866 2238 922 erat
2282 860 2465 940 vir“',
2526 859 2757 945 perche
2819 882 2884 924 se
2939 858 3171 945 gl'altri

504 986 628 1027 non
677 986 965 1028 venneno
1011 966 1077 1028 in
1126 963 1382 1038 Tremo,
1431 963 1574 1028 dice
1621 963 1737 1029 che
1785 964 1916 1030 Sua
1965 965 2209 1030 Maesta
2238 964 2509 1030 Cesarea
2556 967 2621 1030 vi
2669 967 2902 1031 mando
2942 965 3170 1049 subitO,

449 1085 678 1138 5come
724 1092 962 1136 ancora
1007 1071 1067 1136 al
1113 1080 1402 1159 presente
1448 1071 1530 1134 ha
1576 1072 1753 1152 fatto,
1800 1070 1845 1135 il
1877 1074 2093 1158 signor
2124 1072 2251 1136 don
2284 1072 2507 1157 Diego,
2555 1081 2618 1137 et
2649 1072 2765 1137 che
2794 1073 3170 1138 similmente

503 1175 565 1240 la
611 1177 855 1242 Maesta
899 1177 978 1242 (16
1025 1178 1294 1242 Romani
1342 1180 1400 1242 ci
1449 1178 1530 1241 ha
1575 1178 1876 1243 mandato
1923 1200 2037 1244 suo
2084 1180 2524 1244 imbasciatore
2569 1201 2631 1244 u.
2680 1203 2727 1245 s,
2775 1201 2849 1245 w.

682 1282 938 1364 Quanto
984 1283 1111 1349 alla
1156 1285 1326 1349 dieta
1371 1284 1536 1350 disse
1596 1284 1712 1349 che
1756 1286 1817 1350 io
1874 1286 2058 1372 potro
2121 1286 2316 1351 veder
2369 1285 2432 1350 la
2490 1288 2946 1373 propositione,
3004 1285 3171 1351 nella

503 1391 687 1478 quale
734 1390 796 1455 la
842 1390 1088 1457 Maesta
1134 1391 1406 1458 Cesarea
1453 1391 1537 1456 118
1598 1391 1788 1457 hauto
1845 1391 1993 1479 quel
2052 1394 2313 1479 rispetto
2373 1393 2488 1458 che
2543 1396 2853 1459 conviene
2898 1393 3168 1459 secondo

502 1498 546 1563 il
593 1507 820 1586 temp0‚
867 1500 933 1563 in
979 1499 1259 1563 rimetter
1306 1497 1366 1562 al
1416 1497 1683 1563 concilio
1731 1498 1774 1562 il
1821 1501 2075 1585 negotio
2133 1498 2300 1563 della
2345 1499 2671 1586 religione,
2732 1510 2794 1567 et
2852 1500 2999 1587 quel
3057 1502 3170 1587 piu

420 1606 621 1676 loebe
666 1630 792 1671 non
842 1605 922 1670 ha
969 1606 1144 1689 fatto,
1190 1607 1226 1670 6
1273 1614 1437 1670 stato
1484 1628 1598 1692 per
1644 1605 1706 1670 la
1752 1604 1995 1692 qualita
2039 1605 2118 1670 de
2166 1608 2360 1693 tempi
2390 1606 2476 1695 ⁹),
2533 1605 2651 1672 6116
2704 1608 2992 1671 sforzano
3040 1606 3172 1671 Sua

503 1714 748 1778 Maesta
791 1712 1057 1800 qualche
1120 1712 1290 1777 volta
1351 1736 1392 1776 a
1436 1714 1535 1778 far
1593 1711 1799 1799 quello
1859 1712 1977 1778 che
2036 1736 2164 1778 non
2224 1713 2556 1778 vorrebbe.
2656 1714 2997 1779 Gram’ella
3050 1715 3171 1796 yab

502 1822 641 1885 hier
684 1822 894 1886 sein-er
940 1822 1194 1903 eiyenen
1243 1821 1605 1903 Verehruny
1648 1841 1840 1902 yeyen
1884 1822 2003 1885 den
2035 1821 2243 1901 Papst
2271 1822 2409 1885 und
2442 1822 2655 1886 dassmz
2686 1820 2963 1886 Familia
2995 1822 3169 1885 Aus-

501 1928 712 2006 druck,
760 1928 1092 2006 erwc‘ihnte,
1140 1929 1273 2011 dafl
1320 1949 1390 1992 er
1435 1930 1535 1993 (lie
1595 1928 2006 2011 Verbindnny
2051 1929 2361 1993 zwisalten
2409 1928 2555 1993 Otta
2564 1931 2659 1994 vio
2704 1929 2775 1993 F
2768 1948 2991 1993 amesa
3034 1928 3175 1993 und

504 2035 614 2099 der
670 2035 927 2100 Tochter
972 2036 1080 2099 des
1126 2035 1399 2100 Kaisers
1439 2036 1752 2118 yefb'rdert
1796 2035 1971 2113 habe,
2018 2036 2139 2099 wie
2184 2036 2350 2100 derm
2394 2037 2528 2099 sein
2558 2035 2845 2100 Absehen
2889 2036 2956 2098 in
2985 2034 3171 2099 allem

419 2157 487 2211 15
504 2143 756 2223 darauf
785 2142 1077 2224 ycrichtct
1121 2143 1242 2220 sei,
1305 2141 1420 2206 che
1481 2143 1684 2229 questi
1742 2143 1865 2206 due
1922 2163 2085 2226 gran
2144 2141 2495 2226 luminarii,
2555 2143 2692 2207 cioe
2747 2142 2880 2208 Sua
2924 2141 3172 2208 Santita

504 2258 566 2314 et
610 2248 674 2313 la
717 2248 966 2314 Maesta
1010 2247 1310 2332 Cesarea,
1356 2271 1471 2336 per
1516 2248 1559 2313 il
1608 2248 1729 2313 ben
1779 2247 2035 2335 publico
2081 2247 2431 2314 havesseno
2490 2248 2705 2315 buona
2760 2249 3172 2335 intelligentia

503 2366 565 2421 et
608 2355 1023 2439 confidentia,
1082 2356 1143 2420 la
1201 2355 1350 2443 qual
1396 2358 1430 2419 *e
1479 2358 1834 2421 necessaria
1891 2355 2018 2420 alla
2080 2354 2462 2421 celebration
2516 2356 2617 2422 del
2678 2356 2978 2441 concilio,
3045 2354 3170 2420 alle

506 2487 650 2528 cose
696 2463 762 2527 di
810 2463 1158 2528 Germania
1204 2478 1266 2527 et
1310 2465 1375 2527 in
1424 2466 1572 2550 ogni
1620 2463 1780 2528 altro
1840 2465 2093 2550 negotio
2153 2465 2533 2550 importante
2591 2462 2716 2529 alla
2760 2463 3172 2529 Christianita

504 2580 565 2635 et
611 2570 671 2634 al
717 2571 966 2657 privato
1014 2572 1312 2635 interesse
1360 2571 1425 2634 di
1472 2571 1549 2635 V.
1598 2571 1659 2636 S.
1709 2572 1837 2635 ΒΜ·
1881 2570 2032 2634 Ill¹¹¹⁸
2080 2578 2143 2635 et
2186 2571 2267 2636 de
2312 2573 2449 2636 suoi
2493 2570 2631 2635 Ill¹¹¹¹
2673 2569 2901 2636 fratelli
2929 2572 3000 2657 ⁸).

416 2692 485 2744 20
695 2666 744 2744 C
750 2679 857 2742 ber
902 2678 1021 2742 das
1064 2698 1182 2742 von
1228 2678 1477 2743 Messer
1509 2679 1729 2743 David
1772 2679 2173 2743 iiberbrachte
2201 2678 2408 2743 Breve
2453 2678 2728 2762 beklayte
2771 2679 2906 2744 sich
2949 2678 3165 2744 Gran-

503 2785 661 2850 vella
707 2785 899 2868 hefte'y
954 2786 1089 2850 und
1144 2785 1445 2851 hemerkte
1499 2786 1629 2868 auf
1675 2785 2103 2868 Miynanellos
2162 2785 2642 2870 Einwenduny,
2703 2787 2840 2868 dass
2898 2806 2961 2852 es
3018 2784 3170 2851 doch

505 2915 634 2958 nur
677 2896 815 2958 eine
857 2893 1191 2958 vc‘iterliche
1237 2894 1581 2976 Malmzmy
1611 2893 1926 2958 enthaltcn
1972 2893 2146 2972 habe,
2196 2893 2311 2958 che
2341 2892 2602 2959 haverlo
2637 2892 2933 2959 mandato
2970 2915 3010 2958 a
3040 2893 3171 2959 Sua

508 3002 748 3066 Maesta
806 3002 856 3065 si
916 3007 1144 3087 poteva
1214 2999 1498 3085 tollerar‚
1560 3023 1664 3064 ma
1728 3000 1843 3065 che
1903 3000 2038 3066 Sua
2098 3001 2500 3066 Beatitudine
2565 3000 2812 3066 haveva
2867 2999 3169 3065 mandato

506 3110 869 3193 monsignor
916 3107 994 3171 de
1041 3107 1103 3172 la
1149 3106 1327 3172 Cava
1373 3130 1489 3194 per
1536 3107 1883 3173 Germania
1942 3131 1983 3171 a
2039 3118 2257 3194 portar
2310 3106 2371 3172 la
2417 3109 2601 3194 copia
2646 3106 2713 3172 di
2758 3109 2929 3173 detto
2975 3107 3169 3173 breve

418 3226 486 3279 25
509 3239 546 3280 8
578 3216 849 3302 principi
881 3213 1192 3296 catholici,
1225 3213 1268 3279 li
1301 3214 1475 3301 quali
1506 3214 1882 3280 l'havevano
1915 3214 2168 3279 subbito
2202 3217 2357 3280 fatto
2389 3214 2714 3281 intendere
2745 3215 2869 3280 alla
2899 3214 3171 3281 Cesarea

505 3323 781 3404 Maesta,
843 3330 906 3385 ct
965 3320 1081 3386 che
1137 3344 1251 3407 per
1308 3321 1587 3386 l'andata
1646 3322 1712 3386 di
1776 3323 2144 3407 monsignor
2189 3321 2268 3387 de
2311 3321 2375 3385 la
2422 3320 2603 3387 Cava
2628 3325 2683 3407 ⁴)
2730 3321 2774 3386 il
2821 3320 3016 3386 breve
3060 3343 3170 3385 era

505 3440 739 3495 venuto
784 3431 850 3492 in
894 3451 1082 3492 mano
1131 3427 1210 3492 de
1255 3427 1561 3493 Laterani
1606 3437 1670 3494 et
1714 3428 1868 3494 fatte
1914 3427 2119 3515 quelle
2165 3430 2429 3516 risposte
2476 3429 2541 3492 in
2573 3436 2823 3515 stampa
2853 3427 2969 3493 che
3015 3426 3170 3491 hora

505 3539 555 3601 si
602 3535 893 3601 vendano
941 3558 1054 3622 per
1099 3541 1261 3600 tutto
1290 3536 1364 3621 ⁶),
1410 3534 1513 3599 del
1558 3535 1673 3601 che
1718 3537 2085 3623 monsignor
2131 3536 2197 3600 di
2242 3534 2570 3601 Granvela
2627 3535 3015 3600 dimostrava
3059 3534 3167 3599 do·

505 3643 649 3709 lersi
695 3642 887 3708 molto
934 3642 1001 3707 di
1049 3666 1255 3708 cuore.

418 3861 488 3912 3⁰
655 3859 690 3920 ¹)
731 3858 849 3911 Der
883 3857 1191 3925 papstliche
1227 3858 1550 3912 Kiimmerer
1585 3858 1783 3912 David
1823 3858 2030 3912 Uda-sio
2076 3876 2196 3913 war
2242 3858 2340 3912 der
2395 3847 2757 3926 Uberbrinyer
2799 3857 2945 3911 eines
2972 3861 3168 3925 peipst·

507 3947 684 4002 lichen
723 3949 897 4002 Breve
934 3964 1053 4000 vom
1089 3950 1165 4000 24
1203 3949 1426 4016 Auyust
1466 3950 1635 4015 1544,
1674 3949 1892 4002 welches
1942 3948 2047 4001 den
2084 3947 2290 4001 Kaiser
2326 3963 2506 4016 weyen
2550 3946 2650 4001 der
2685 3946 3169 4015 Einriiumunyen,

508 4037 596 4091 die
646 4037 743 4090 der
777 4035 999 4104 Speirer
1033 4035 1490 4090 Reichsabschied
1527 4035 1633 4089 den
1672 4036 2062 4090 Protestcmten
2109 4036 2383 4105 9αηασήῡ,
2435 4034 2609 4104 heftiy
2660 4034 2862 4090 tadone
2909 4034 3039 4104 (v9²·
3077 4034 3171 4088 die

506 4126 877 4195 Einleitunq).

649 4215 690 4283 ²)
729 4216 946 4271 Ebenso
981 4214 1211 4268 drackte
1245 4214 1360 4269 sich
1396 4214 1469 4268 K.
1508 4213 1844 4268 Ferdinand
1878 4231 2002 4282 aus,
2039 4215 2173 4270 oben
2207 4231 2294 4269 nr.
2332 4219 2382 4268 8.

417 4306 487 4360 35
652 4304 691 4372 3)
730 4304 803 4358 D.
843 4305 880 4358 i.
933 4304 1189 4370 Ottavio,
1239 4302 1457 4372 Herzog]
1509 4321 1612 4357 von
1664 4304 1955 4358 Camerino
2002 4304 2137 4372 (yeb.
2178 4307 2374 4373 1524),
2428 4303 2629 4358 Orazio
2675 4302 2809 4373 (961).
2846 4303 3012 4369 1526)
3047 4301 3170 4356 und

507 4395 794 4450 Ranae-cio
821 4393 952 4462 (yeb.
993 4395 1173 4461 1530),
1209 4392 1501 4446 Kardinal
1537 4395 1676 4446 1545
1711 4393 1777 4458 (3.
1815 4411 1870 4447 u.
1907 4411 1996 4447 nr.
2036 4397 2173 4460 111).

648 4483 690 4550 ⁴)
730 4483 1014 4538 Giovavmi
1057 4484 1338 4538 Tommaso
1374 4481 1670 4550 Saufelice,
1706 4482 1950 4548 Bisa-hof
1976 4500 2080 4538 von
2116 4484 2282 4538 Cava.
2367 4472 2506 4536 Uber
2541 4483 2688 4537 scine
2723 4483 2989 4552 δαπάνης]
3025 4483 3170 4537 nach

507 4572 891 4628 Deutschland
927 4572 1089 4627 Ende
1127 4574 1350 4641 Anqust
1385 4575 1524 4626 1544
1572 4574 1671 4641 (191.
1724 4573 1812 4626 dic
1852 4572 1938 4626 bei
1974 4572 2243 4643 Raynald
2277 4575 2415 4625 1544
2451 4571 2528 4642 ,ξὲ
2565 4575 2600 4625 9
2634 4590 2689 4626 τι.
2727 4575 2801 4627 21
2833 4571 3169 4640 96ὧηι61ιτίεπ

508 4662 638 4715 oder
674 4661 1045 4731 anqest’ihrten
1079 4663 1300 4716 Breven
1339 4661 1531 4731 (deren
1566 4662 1832 4715 Minutcn
1878 4663 1956 4716 im
2008 4662 2175 4717 Arch.
2236 4661 2357 4715 Vat.
2398 4661 2550 4714 Arm.
2588 4661 2655 4715 41
2708 4661 2813 4716 vol.
2850 4660 2963 4730 31).
3050 4660 3165 4730 Vyl.

419 4751 491 4804 40
511 4750 724 4820 Pieper‚
763 4752 884 4819 Zur
919 4751 1595 4820 Entstehunqnyeschichte
1632 4751 1730 4805 der
1763 4751 2059 4820 standiyen
2094 4750 2490 4804 Nuntiatur-en
2523 4749 2577 4803 S.
2617 4753 2738 4804 128.

650 4839 692 4908 ⁶)
743 4840 858 4894 Von
905 4840 1116 4895 Worms
1153 4842 1504 4897 aberbrachte
1552 4842 1748 4895 bereits
1795 4841 2135 4909 Mar-supino
2188 4870 2251 4879 -
2302 4841 2380 4894 im
2430 4839 2682 4910 Austraq
2721 4838 2815 4894 des
2850 4839 3169 4894 Kardinals

613 4946 1210 4996 nuntiatnrboriohto.
1239 4949 1356 4989 orate
1383 4947 1637 4998 Abteilung.
1668 4947 1742 4988 nd.
1767 4947 1884 4988 v111.
2707 4928 2737 4982 7
