3859 5575
1450 461 1548 514 Nc.
1588 459 1686 516 55:
1726 460 1865 515 1545
1903 459 2116 529 August
2152 461 2237 515 23.
3067 454 3170 517 281

509 658 623 726 55.
731 658 978 723 Verallo
1024 680 1111 721 an
1158 657 1479 721 Famese:
1526 657 1871 738 Aufbruch
1919 657 2026 721 des
2072 658 2344 722 Kaisers
2390 679 2511 721 aus
2541 656 2720 720 Kiiln
2746 678 2868 737 qen
2905 657 3172 721 Briissel
3265 660 3442 760 15450·

506 787 624 830 zm·
674 767 855 830 Feier
902 766 1016 830 der
1062 765 1392 846 Exeque'en
1438 766 1548 829 det·
1594 765 1969 829 Prinzessin
2025 787 2143 828 von
2188 762 2493 846 Sfflmien.
2587 765 3020 847 „fl-ufre'ehtmm
3064 766 3174 828 der
3213 728 3356 795 ‘¹²⁴9'
3384 733 3459 779 “³

515 873 764 954 Geyner
823 874 927 936 des
970 873 1369 953 Ile-zbiseleoss
1427 873 1501 936 in
1559 872 1751 936 Κόῐπ.
1846 873 2162 936 Letzterer
2226 894 2330 936 am
2388 876 2485 935 16.
2545 893 2664 936 zur
2723 872 3020 936 Audienz
3063 892 3173 937 zu·

503 980 802 1061 yelassm.
910 980 1187 1061 Verlauf
1232 979 1548 1044 clerselben
1602 980 1764 1042 nach
1816 980 1954 1043 (lem
2014 979 2279 1044 Bericht
2335 980 2440 1043 des
2485 979 2898 1044 anwesenden
2943 979 3174 1043 Nave&

454 1101 488 1151 5
512 1087 651 1150 Das
682 1088 1025 1152 Ansinnen
1072 1089 1179 1151 der
1212 1088 1642 1169 Resiynatimz.
1708 1088 1835 1151 Die
1868 1088 2335 1169 Abyeordneten
2366 1088 2471 1151 des
2501 1088 2916 1168 ErebisehofS,
2949 1088 3172 1152 welche

508 1195 822 1274 definitive
867 1196 1159 1258 Antwort
1205 1195 1497 1276 brinyen,
1548 1195 1795 1258 werden
1859 1215 2108 1276 moryen
2165 1194 2302 1258 hier
2360 1200 2681 1272 erwartet,
2740 1195 3017 1277 zuyleich
3061 1197 3178 1259 mit

508 1302 643 1365 dem
689 1303 943 1366 Kaisar.
1019 1301 1147 1366 Die
1192 1302 1457 1367 Staaten
1503 1303 1640 1365 hier
1690 1302 2090 1380 versammelt,
2141 1324 2249 1366 um
2281 1304 2430 1367 iiber
2461 1303 2563 1367 die
2601 1303 3176 1385 Gehlforderunqen

508 1410 611 1472 des
657 1411 929 1511 Kaisqrs
985 1431 1066 1474 zu
1125 1412 1406 1489 beraten,
1469 1411 1579 1474 der
1639 1410 1890 1475 dcl-nach
1949 1410 2108 1474 wohl
2169 1411 2271 1475 die
2324 1430 2524 1491 qanze
2573 1411 2844 1475 Ρνουίνωευ
2900 1411 3176 1475 bereisen

506 1518 687 1581 τοῖν-ἀ.
791 1518 1019 1598 Briefe
1087 1539 1225 1582 vom
1285 1522 1342 1582 9.
1412 1517 1726 1595 erhalten,·
1796 1518 2070 1583 Amlelot
2135 1518 2529 1599 sehnsz'ielztiy
2597 1523 2905 1582 erwartet.
3013 1522 3177 1583 1545

422 1641 489 1693 10
508 1624 761 1706 August
807 1629 895 1690 :23
943 1624 1220 1689 Brz'lssel.

650 1750 772 1803 Aue
827 1750 1062 1818 Neapel‚
1119 1750 1347 1804 Grande
1401 1751 1663 1805 Archivio
1709 1750 1875 1806 Carte
1913 1750 2136 1805 Fan-nes.
2175 1750 2310 1805 fasc.
2373 1751 2476 1805 746
2526 1751 2731 1820 elyeuh.
2786 1750 2968 1820 Oria„
3021 1756 3172 1819 puis.

722 1842 770 1891 6.
808 1838 1116 1907 September
1152 1840 1214 1892 in
1262 1839 1493 1894 ViterbO.

687 1945 864 2009 Parti
912 1947 1041 2010 Sua
1087 1946 1360 2012 Cesarea
1406 1947 1651 2012 Maesta
1696 1947 1780 2011 da
1826 1946 2090 2012 Colonia
2136 1947 2242 2012 alli
2294 1959 2372 2015 17
2408 1949 2473 2013 di
2505 1957 2723 2036 questo
2756 1954 2818 2013 et
2849 1971 2928 2012 ne
2965 1971 3170 2013 venne
3208 1955 3452 2023 Au9.17

507 2075 547 2116 a
595 2051 756 2117 bone
802 2054 1087 2138 giornate
1146 2077 1259 2140 per
1317 2053 1683 2119 sollecitarsi
1740 2054 1804 2118 di
1863 2054 1964 2118 far
2007 2054 2320 2141 l'exequie
2366 2055 2532 2120 della
2578 2057 2996 2142 principessa,
3056 2054 3172 2120 che

422 2173 486 2227 15
508 2161 639 2224 cosi
696 2158 911 2225 risolse
971 2160 1038 2225 di
1084 2164 1263 2225 venir
1318 2162 1401 2225 ad
1448 2160 1604 2226 farle
1651 2164 1758 2248 qui
1804 2163 1869 2225 in
1919 2161 2262 2228 Brusselles
2308 2172 2369 2227 et
2399 2185 2525 2226 non
2557 2164 2671 2249 pia
2709 2165 2774 2227 in
2809 2162 3072 2227 Colonia
3104 2167 3170 2246 ¹).

506 2267 546 2331 il
596 2275 725 2332 star
771 2268 835 2332 di
883 2269 1012 2333 Sua.
1059 2269 1303 2333 Maesta
1348 2271 1413 2332 in
1461 2268 1725 2333 Colonia
1773 2268 1855 2333 ha
1900 2268 2224 2334 consolata
2270 2270 2477 2357 quella
2523 2273 2677 2335 citta
2707 2280 2770 2335 et
2802 2269 2969 2335 clero
3008 2270 3172 2336 nelle

504 2376 792 2459 angustie
840 2385 901 2439 et
947 2374 1339 2440 tribulationi
1386 2377 1502 2441 che
1549 2379 1600 2440 si
1647 2388 1829 2441 trova
1875 2400 1989 2464 per
2033 2377 2091 2443 le
2137 2380 2352 2464 pazzie
2416 2377 2517 2442 del
2563 2381 2969 2443 arcivescovo
3017 2380 3169 2462 loro,

504 2480 546 2545 il
593 2481 777 2568 quale
825 2505 891 2546 se
938 2482 1059 2547 ben
1109 2485 1238 2548 Sua
1283 2484 1530 2548 Maesta
1574 2483 1901 2549 risolvesse
1949 2484 2034 2548 da
2087 2486 2396 2571 principio
2460 2485 2575 2550 che
2621 2508 2746 2550 non
2796 2487 3039 2550 venisse
3087 2487 3166 2551 ad

503 2589 757 2676 parlarli
805 2590 1027 2655 dentro
1076 2590 1242 2654 della
1297 2593 1481 2673 cina,
1542 2593 1594 2655 si
1656 2593 1831 2657 muti)
1889 2594 1994 2678 poi
2061 2592 2126 2656 di
2173 2596 2496 2680 opinione,
2556 2593 2787 2679 perche
2851 2617 2976 2657 non
3037 2594 3168 2658 selli

415 2696 806 2763 20sa1·rebbe
850 2705 1070 2782 potuto
1118 2697 1428 2784 replicare
1486 2698 1837 2786 parlandoli
1899 2702 2030 2764 cosi
2092 2700 2173 2764 ad
2232 2699 2476 2765 cavallo
2533 2702 2615 2765 ad
2662 2701 2925 2766 cavallo.
3019 2704 3169 2787 perc

505 2805 636 2868 selli
682 2806 816 2869 fece
863 2805 1187 2870 intendere
1235 2806 1351 2871 che
1399 2809 1643 2872 venisse
1689 2808 1927 2873 dentr0.
2021 2810 2119 2873 fra
2165 2819 2383 2896 questo
2431 2817 2640 2896 tempo
2689 2811 2754 2873 fu
2787 2833 3086 2896 persuaso
3124 2811 3169 2874 il

504 2913 749 2976 sudetto
796 2914 1203 2977 arcivescovo
1251 2912 1367 2977 che
1414 2936 1538 2978 non
1588 2917 1652 2979 vi
1684 2916 1972 2998 armasse,
2019 2917 2249 3004 perche
2283 2919 2592 2982 riceveria
2623 2916 2889 3004 qualche
2921 2919 3169 2981 sinistro

505 3042 540 3082 o
588 3019 778 3101 male,
829 3020 892 3083 di
938 3021 1125 3085 modo
1174 3021 1289 3085 che
1338 3044 1457 3085 con
1506 3032 1725 3108 questa
1784 3046 1989 3108 paura
2047 3025 2097 3086 si
2157 3047 2264 3087 era
2319 3033 2559 3089 mutato
2609 3024 2725 3088 che
2771 3047 2908 3092 non?
2945 3024 3170 3089 voleva

502 3126 770 3191 andarvi
805 3129 951 3213 pilu
998 3150 1105 3191 ma
1150 3129 1218 3194 fu
1266 3137 1439 3193 tanto
1473 3152 1769 3214 persuaso
1810 3138 1874 3195 et
1905 3133 2252 3196 assicurato
2286 3130 2400 3196 che
2432 3132 2497 3195 vi
2529 3130 2709 3196 andb.
2774 3141 2836 3196 et
2866 3132 3098 3218 perche
3131 3132 3169 3196 'l

414 3247 482 3300 25
504 3231 761 3318 palazzo
809 3234 874 3298 di
921 3235 1050 3299 Sua
1096 3234 1368 3300 Cesarea
1415 3237 1660 3301 Maesta
1706 3260 1814 3301 era
1859 3260 2159 3324 appresso
2206 3237 2249 3302 il
2298 3239 2503 3320 Reno,
2551 3261 2756 3303 venne
2809 3262 2922 3326 per
2978 3237 3170 3304 barca

502 3348 565 3405 et
608 3349 1104 3429 accompagnato
1153 3366 1273 3407 con
1320 3344 1471 3408 forsi
1521 3354 1604 3412 60
1652 3344 1878 3409 cavalli
1943 3367 2178 3410 ancora
2234 3369 2348 3431 per
2403 3353 2588 3412 terra.
2684 3347 2863 3411 entrb
2909 3346 2990 3410 da
3038 3345 3169 3411 Sua

501 3449 748 3514 Maesta
794 3450 899 3513 alli
950 3460 1028 3516 16
1078 3473 1151 3514 su
1198 3449 1255 3514 le
1305 3461 1340 3516 3
1391 3449 1541 3515 hore
1586 3451 1824 3538 doppoi
1868 3474 2084 3516 mezzo
2145 3455 2368 3538 giorno
2414 3462 2476 3517 et
2523 3476 2648 3518 non
2697 3455 2761 3517 vi
2809 3461 2990 3518 stettc
3038 3477 3164 3538 uqa
3202 3458 3347 3526 Auo·
3381 3461 3444 3510 16

502 3556 657 3621 hora
700 3558 945 3642 integra
974 3559 1045 3638 2).
1137 3557 1194 3621 el
1239 3558 1631 3644 parlamento
1679 3560 1747 3623 fu
1795 3558 1912 3623 che
1957 3558 2047 3623 lui
2093 3581 2377 3646 pregava
2423 3560 2554 3624 Sua
2600 3561 2870 3625 Cesarea
2926 3560 3169 3624 Maesta

650 3700 686 3766 ¹)
726 3701 799 3752 In
840 3701 1026 3754 Trient
1067 3702 1321 3755 vernahm
1356 3718 1487 3754 man
1522 3702 1688 3756 sehon
1726 3720 1815 3755 am
1852 3707 1921 3755 10
1961 3703 2211 3771 August,
2261 3699 2381 3771 dass
2419 3703 2506 3757 die
2542 3703 2708 3758 Fee'er
2745 3704 2842 3758 der
2878 3704 3167 3772 Eeequien

411 3794 479 3845 3ss
506 3789 565 3841 in
605 3788 833 3842 Βνᾱεεεῑ
867 3790 1179 3860 verbereitet
1221 3789 1422 3843 werde:
1460 3791 1779 3844 Maesarelli
1818 3791 1901 3844 bei
1941 3791 2230 3861 Do'llinyer
2264 3792 2316 3845 S.
2357 3797 2440 3847 99.

645 3878 682 3946 ²)
731 3867 872 3933 Uber
927 3878 1069 3932 diese
1125 3879 1625 3944 Zusammerekunft
1677 3881 1942 3934 zwischen
1990 3882 2141 3935 Karl
2184 3883 2305 3935 und
2343 3883 2635 3936 Hermann
2679 3883 2780 3952 vyl.
2821 3883 3177 3948 Scekendorff

500 3970 532 4022 l.
572 3968 682 4022 ΙΙΙ
711 3975 836 4023 sect.
875 3973 939 4022 31
975 3967 1013 4038 ἕ
1050 3973 1152 4021 121
1184 3987 1241 4035 p.
1281 3971 1386 4021 554
1423 3969 1544 4022 uml
1580 3968 1915 4036 Neudeeker,
1956 3971 2322 4026 Aktenstic'eke
2361 3972 2414 4026 S.
2447 3973 2625 4038 46417:
2669 3973 2828 4025 Anm.
2860 3975 2959 4037 53‚·
2996 3971 3163 4038 beide,

498 4059 662 4113 deren
699 4059 971 4128 Anyaben
1006 4059 1123 4123 auf
1151 4058 1239 4111 die
1272 4059 1477 4127 yleiche
1510 4059 1692 4127 Quelle
1726 4059 2171 4128 zuria‘ckzuyehen
2197 4062 2464 4128 schemen,
2501 4063 2746 4131 verleyen
2782 4063 3040 4131 iibriyens
3079 4062 3166 4117 die

499 4148 997 4213 Zusammenkunft
1047 4148 1164 4213 auf
1201 4149 1306 4202 cle-n
1357 4152 1419 4201 15
1456 4150 1705 4217 Auyust3
1763 4150 1952 4203 ebenso
2003 4150 2339 4205 Vandenesse
2377 4168 2435 4220 p.
2473 4155 2569 4203 311
2622 4151 2745 4203 und
2795 4152 3013 4206 endlt'ch
3068 4151 3164 4204 der

411 4241 481 4293 35
500 4238 706 4291 Kaiser
755 4239 912 4292 selbst
964 4239 1026 4290 in
1076 4238 1244 4291 einem
1297 4239 1380 4291 bei
1432 4238 1696 4292 Gachard
1730 4256 1785 4307 p.
1826 4243 1898 4292 98
1947 4243 2260 4293 erwdhnten
2295 4240 2486 4305 Briefe
2535 4258 2612 4294 an
2651 4242 2968 4295 Granvella.
3044 4242 3165 4294 Ein-

498 4328 725 4382 Bericht
762 4344 866 4382 aus
894 4328 1083 4381 Trient
1118 4328 1219 4393 (an
1257 4327 1367 4380 den
1394 4327 1608 4397 Herzog]
1636 4345 1739 4382 von
1768 4329 2017 4382 Ferrara
2054 4346 2173 4382 vom
2203 4335 2237 4382 9
2267 4331 2592 4397 September)
2630 4327 2772 4399 wetss
2807 4350 2877 4385 eu
2914 4333 3165 4384 e-rzafmen

500 4417 602 4471 chc
640 4417 1042 4484 l'arcivescovO,
1080 4434 1188 4470 nou
1226 4417 1453 4470 essendo
1491 4416 1795 4486 degniatosi
1835 4417 2200 4487 l’imperatore
2237 4419 2290 4472 di
2329 4419 2613 4489 alloggiar‘
2643 4437 2746 4474 con
2786 4420 2860 4473 lui
2900 4421 2954 4473 in
2995 4421 3164 4488 Bona,

499 4503 642 4560 andi)
692 4506 764 4559 da
811 4505 922 4560 Sua
972 4503 1187 4561 Maesta
1237 4506 1292 4560 in
1330 4505 1556 4560 Colonia
1592 4524 1621 4560 6
1660 4513 1743 4560 tre
1791 4506 1937 4560 volte
1982 4507 2202 4576 repulso
2240 4508 2365 4561 dall'
2405 4509 2685 4562 audientia
2732 4510 2821 4563 all’
2862 4509 3054 4563 ultimo
3101 4511 3162 4564 fu

497 4594 746 4648 admesso
795 4611 893 4664 per
942 4613 1016 4648 un
1070 4595 1386 4650 brevissimo
1425 4596 1633 4666 spatiO,
1682 4596 1767 4650 ch'
1810 4597 1988 4650 uscito
2024 4596 2095 4650 da
2131 4595 2243 4651 Sua
2281 4595 2496 4651 Maesta
2532 4597 2757 4652 subbito
2793 4600 2840 4652 si
2876 4595 3022 4669 parti
3059 4617 3161 4654 con

409 4688 479 4741 40
499 4685 654 4755 grau'
706 4684 850 4738 furia
887 4686 1187 4756 sdegniato.
1263 4694 1319 4740 et
1368 4687 1421 4740 lo
1468 4687 1794 4756 imperatore
1843 4685 1899 4739 fa
1947 4704 2240 4757 preparare
2290 4706 2363 4741 un
2411 4688 2773 4757 grandissimo
2819 4689 3058 4742 exercito
3107 4689 3160 4742 di

495 4775 695 4829 cavalli
857 4791 887 4827 6
927 4773 1038 4828 Sua
1076 4772 1292 4829 Maesta
1330 4773 1361 4830 ὸ
1399 4783 1645 4830 exortato
1697 4777 1747 4829 lo
1797 4776 1943 4830 clero
1993 4776 2047 4829 di
2087 4776 2314 4831 Colonia
2349 4795 2384 4830 a
2420 4777 2719 4850 proseguir’
2759 4777 3162 4848 l’appellatione

495 4872 690 4919 contra
725 4865 879 4919 detto
915 4864 1278 4919 arcivescovo.
1354 4865 1599 4920 Modena
1640 4867 1706 4921 A.
1747 4866 1806 4920 di
1843 4865 2006 4921 State
2049 4865 2197 4938 Oriy.
