3859 5575
1474 458 1573 528 No.
1611 466 1709 528 93:
1751 472 1889 529 1545
1924 459 2217 528 November
2251 460 2337 529 28.
3133 465 3243 533 489

754 669 838 734 Di
888 668 1257 733 Branswich
1301 670 1367 733 in
1414 670 1626 733 effetto
1673 670 2044 756 monsignor
2089 669 2155 734 di
2201 668 2528 735 Granvela
2572 693 2699 757 pur
2741 670 2799 735 ci
2845 670 2928 735 ha
2974 670 3235 736 chiarito
3322 672 3458 723 1545

579 776 693 842 che
740 779 836 841 sth,
880 777 1166 862 prigione
1196 778 1457 841 insieme
1504 775 1600 840 col
1644 775 1901 862 figliolo‚
1947 777 2099 863 pero
2132 782 2652 864 separatamente‚
2698 784 2761 842 ‘et
2807 776 2924 843 che
2968 779 3037 842 fu
3085 800 3235 843 vero
3272 742 3513 796 Noa-21

578 883 694 948 che
742 886 792 948 si
839 884 1029 948 tratto
1074 884 1346 948 accordo
1365 905 1507 970 ,per
1552 904 1763 948 mezzo
1824 883 1926 948 del
1987 883 2154 948 duca
2199 884 2530 964 MauritiO,
2592 907 2697 949 ma
2747 884 2863 949 che
2906 885 3013 971 poi
3060 884 3236 949 land-

576 994 797 1078 gravio
845 1014 968 1057 non
1013 990 1055 1055 li
1103 990 1186 1056 ha
1231 990 1448 1055 voluto
1494 1013 1819 1057 osservare
1864 1013 2014 1056 cosa
2043 990 2273 1057 alcuna
2317 999 2379 1056 et
2423 991 2482 1056 lo
2528 993 2694 1057 tiene
2725 992 3011 1079 prigione
3058 1014 3237 1057 come

523 1110 705 1165 {iuna
751 1099 965 1164 bestia.
1057 1105 1120 1163 et
1164 1100 1271 1186 qui
1317 1100 1384 1162 fa
1430 1100 1612 1163 etiam
1663 1105 2083 1164 nuovamente
2128 1100 2428 1164 instantia
2471 1100 2745 1185 grande,
2801 1098 3033 1185 perche
3080 1099 3237 1164 l’im·

576 1214 868 1295 peratore
912 1205 972 1271 lo
1021 1204 1252 1271 declari
1300 1204 1531 1271 rebelle
1578 1213 1642 1271 et
1684 1213 2169 1271 contraventore
2216 1204 2363 1271 delli
2409 1205 2644 1271 decreti
2692 1203 2794 1270 del
2849 1207 3115 1292 imperio
3173 1213 3236 1271 et

576 1316 762 1380 esser'
810 1315 1057 1378 incorso
1115 1312 1217 1377 nel
1275 1313 1489 1377 bando
1549 1313 1905 1399 imperiale3
1966 1320 2029 1378 et
2087 1313 2203 1377 che
2263 1334 2389 1377 non
2452 1314 2502 1377 si
2562 1303 2800 1400 sapeva
2859 1313 3236 1378 bonamente

576 1422 693 1488 che
737 1421 1132 1507 rispondere‚
1179 1420 1494 1485 essendosi
1553 1419 1598 1483 il
1644 1420 1817 1485 detto
1864 1420 2033 1485 duca
2076 1426 2422 1506 governato
2469 1428 2646 1485 tanto
2693 1418 3127 1485 bestialmente
3173 1429 3237 1486 et

577 1553 694 1594 con
741 1536 918 1594 tanto
964 1548 1123 1614 poco
1169 1529 1426 1614 rispetto
1471 1550 1655 1593 verso
1701 1528 1833 1591 Sua
1881 1527 2125 1591 Maesta
2153 1527 2220 1615 ¹).

495 1647 558 1699 10
757 1634 994 1701 Ultimo
1041 1634 1177 1700 loco
1226 1636 1284 1698 ci
1331 1634 1495 1699 disse
1539 1634 1582 1699 il
1629 1634 1800 1699 detto
1847 1636 2213 1719 monsignor
2256 1633 2321 1698 di
2368 1632 2692 1699 Granvela
2751 1633 2867 1699 che
2926 1633 2970 1698 il
3025 1636 3239 1699 dottor

577 1743 918 1808 Malvenda
949 1740 1285 1828 Spagn010‚
1333 1742 1631 1829 deputato
1678 1764 1791 1828 per
1836 1764 1963 1806 uno
2011 1741 2077 1805 di
2124 1739 2313 1828 quelli
2359 1740 2475 1805 che
2505 1740 2716 1806 hanno
2758 1741 2842 1806 da
2872 1742 3234 1807 intervenir’

575 1852 635 1915 al
682 1849 990 1938 colloquio
1034 1872 1150 1935 per
1196 1848 1327 1923 Sua
1373 1848 1617 1913 Maesth
1660 1857 1724 1913 et
1765 1847 2094 1931 Catholici,
2140 1849 2192 1912 si
2238 1847 2665 1914 manderebbe
2711 1855 2922 1935 presto
2967 1854 3031 1914 et
3077 1850 3238 1913 faria

575 1957 636 2022 la
681 1960 789 2022 via
834 1957 898 2020 di
932 1955 1197 2022 Colonia
1242 1964 1305 2020 et
1349 1955 1589 2021 levaria
1632 1956 1697 2020 di
1745 1955 1890 2043 quel
1937 1955 2074 2020 loco
2120 1954 2162 2019 il
2197 1954 2549 2041 Gropper0‚
2598 1979 2663 2020 se
2710 1956 2948 2022 volesse
2980 1956 3236 2040 andare,

578 2072 640 2130 et
683 2065 726 2129 il
772 2063 1160 2151 provinciale
1206 2064 1269 2128 di
1304 2062 1731 2145 Carmelitani‚
1776 2070 1840 2127 et
1883 2063 1966 2127 da
1997 2064 2331 2148 Magantia
2374 2061 2546 2138 Julio
2580 2062 2781 2127 Fluch
2829 2069 2893 2128 et
2936 2063 3043 2129 un'
3077 2060 3237 2127 altro

492 2181 556 2234 15
576 2171 864 2258 theologo
910 2171 1077 2236 bono
1104 2173 1180 2256 ²),
1227 2177 1289 2235 et
1319 2170 1599 2258 portaria
1629 2171 2029 2235 instruttione
2076 2170 2138 2234 di
2172 2162 2704 2255 non'permettere
2735 2169 2851 2234 che
2897 2171 2950 2233 si
2996 2176 3239 2233 tocasse

578 2369 937 2437 absichtiyten
974 2368 1070 2422 der
1106 2367 1386 2433 Kurfzirst
1423 2385 1528 2421 von
1565 2367 1805 2422 Sachsen
1840 2367 1963 2420 und
1999 2366 2311 2436 Landyraf
2340 2366 2573 2436 Philipp
2612 2367 2666 2420 di
2704 2366 2873 2420 tener’
2911 2372 3029 2420 otto
3066 2366 3237 2420 millia

575 2459 716 2512 fanti
749 2465 801 2512 et
833 2458 977 2512 forse
1006 2455 1104 2527 piu
1141 2457 1319 2528 quest’
1357 2457 1640 2511 invernata
1675 2473 1709 2509 a
1745 2463 1898 2511 costo
1937 2463 1993 2510 et
2028 2457 2169 2511 nelle
2205 2465 2350 2510 terre
2387 2456 2440 2509 di
2471 2456 2704 2526 qualche
2733 2456 3091 2511 ecclesiastici
3121 2455 3238 2509 lo'ro

575 2548 757 2601 vicini.
849 2548 1089 2616 Neapel,
1143 2546 1307 2600 Carte
1359 2546 1583 2600 Franes.
1623 2545 1756 2599 fasc.
1787 2547 1886 2599 711
1934 2546 2082 2614 Θήρ.
2122 2547 2249 2613 (vyl.
2290 2545 2608 2599 MassareIli
2658 2562 2700 2597 e.
2735 2548 2773 2598 2
2801 2545 2982 2612 Decb.,
3019 2544 3072 2598 S.
3113 2547 3237 2612 195,

575 2636 697 2689 und
735 2635 840 2688 den
876 2653 945 2689 zu
981 2652 1082 2688 ma·
1104 2639 1177 2689 82
1212 2635 1578 2704 anyefichrten
1613 2633 2021 2703 Krieqsbericht
2058 2652 2148 2688 am
2182 2631 2433 2701 Schlefi).

488 2725 559 2777 20
724 2724 761 2793 ¹)
810 2713 949 2779 Uber
1013 2725 1227 2778 vocitare
1281 2720 1716 2792 Verleqenhe'iten
1779 2722 1872 2776 cles
1932 2723 2164 2778 Kaisers
2227 2724 2378 2777 bozzo.
2446 2723 2542 2777 der
2591 2722 2930 2777 Katholiken
2985 2723 3242 2777 berichtet

577 2814 849 2868 Dandino
898 2832 948 2867 a.
988 2833 1040 2868 α.
1084 2815 1176 2868 0..·
1212 2813 1281 2867 Li
1311 2812 1583 2868 Todeschi
1624 2813 1726 2867 che
1763 2813 1959 2867 furono
1994 2810 2091 2884 gis
2127 2813 2373 2868 condotti
2411 2813 2482 2866 da
2510 2812 2842 2882 Inghilterra
2876 2829 2975 2882 per
3010 2814 3239 2866 mandar

574 2921 609 2956 a
645 2903 809 2955 danni
846 2903 902 2955 di
939 2902 1201 2961 Francia.
1237 2900 1552 2956 finalmente
1589 2918 1721 2956 sono
1758 2902 1922 2956 usciti
1961 2903 2014 2955 di
2052 2918 2216 2972 paese
2254 2901 2308 2954 di
2348 2901 2544 2972 Lieggi
2595 2909 2652 2955 et
2687 2902 2743 2954 di
2794 2902 2921 2971 quel
2969 2902 3094 2955 dell'
3140 2904 3238 2955 im-

575 3000 827 3062 peratore
864 2992 1005 3060 dopo
1042 2992 1264 3045 d'haver
1300 2992 1510 3044 vissuto
1548 3008 1621 3043 un
1659 3007 1823 3060 pezzo
1861 3007 2026 3044 senza
2062 2990 2417 3045 discrettione
2452 2991 2514 3054 (s.
2554 3008 2600 3044 ο.
2641 2989 2695 3044 S.
2735 2994 2883 3055 406).
2958 3008 2992 3044 a
3042 2998 3239 3062 questa

578 3082 713 3134 hora
739 3097 974 3150 possono
1004 3097 1182 3134 essere
1210 3096 1367 3134 verso
1394 3078 1649 3144 Colonia;
1690 3079 1797 3132 Dio
1827 3078 2009 3149 voglia
2037 3079 2138 3133 che
2166 3080 2388 3149 passino
2415 3079 2555 3134 oltre
2576 3095 2748 3133 ‘senza
2781 3079 2868 3132 far
2894 3079 3035 3132 altro
3064 3079 3235 3133 male!

477 3171 557 3225 -25
579 3170 704 3240 quel
735 3170 1313 3238 pseudo-arcivcscovo
1349 3168 1409 3222 fu
1438 3185 1472 3222 a
1500 3169 1680 3238 questi
1719 3165 1775 3221 di
1813 3171 1866 3220 in
1896 3168 2122 3222 Colonia
2158 3176 2214 3222 et
2248 3168 2370 3222 fece
2408 3169 2554 3222 mille
2574 3169 2712 3222 ‘mali
2749 3166 2919 3222 officii
2948 3185 3047 3238 per
3074 3169 3240 3224 tirare

578 3267 634 3312 et
672 3274 1015 3327 corrompere
1052 3258 1206 3312 molti
1244 3258 1353 3310 alla
1381 3275 1482 3311 sua
1517 3256 1791 3311 diabolica
1819 3257 2135 3326 devotione3
2173 3264 2229 3311 et
2266 3274 2323 3312 se
2352 3256 2490 3311 benc
2519 3275 2617 3328 per
2644 3257 2735 3312 all*
2766 3259 2901 3311 hora
2935 3274 3043 3311 non
3072 3273 3242 3328 parve

578 3349 680 3402 che
718 3347 928 3402 facesse
967 3348 1134 3401 molto
1174 3345 1413 3417 profitto‚
1451 3363 1510 3400 se
1547 3347 1770 3401 intende
1806 3345 1935 3417 pero
1973 3348 2075 3401 che
2113 3346 2158 3400 si
2188 3347 2458 3401 comincia
2493 3363 2527 3400 a
2562 3347 2757 3401 vedere
2794 3347 3147 3401 stracchezza
3184 3347 3239 3400 in

579 3438 707 3510 quel
746 3437 961 3508 popolo,
1036 3442 1092 3489 et
1128 3436 1223 3506 qui
1264 3452 1371 3489 non
1409 3453 1467 3489 se
1505 3453 1573 3490 ne
1610 3435 1791 3507 poti-ia
1826 3444 1983 3490 tener
2020 3453 2212 3491 manco
2251 3454 2385 3491 cura
2422 3433 2491 3490 ne
2528 3438 2821 3507 procedere
2868 3454 2970 3490 con
3009 3434 3105 3507 piu
3144 3436 3240 3490 ris-

578 3533 733 3597 petto
770 3526 858 3579 del
895 3526 1257 3592 arcivescovo,
1295 3525 1332 3577 il
1374 3526 1475 3579 che
1511 3532 1660 3579 tutto
1697 3526 1930 3596 procede
1969 3526 2058 3579 dal
2096 3527 2290 3580 timore
2340 3527 2443 3580 che
2490 3526 2534 3579 si
2573 3527 2718 3580 tiene
2753 3526 2809 3578 di
2848 3511 3147 3595 langravio,
3184 3533 3242 3579 et

489 3620 559 3672 30
580 3616 682 3670 che
721 3616 768 3668 si
809 3614 950 3668 butti
992 3615 1044 3668 la
1093 3615 1252 3684 colpa
1301 3615 1497 3668 adosso
1545 3614 1655 3667 alla
1704 3613 2096 3669 insufficientia
2144 3615 2271 3668 dclli
2320 3616 2507 3686 agenti
2558 3615 2654 3685 qui
2705 3632 2804 3686 per
2849 3614 2886 3668 il
2926 3616 3097 3683 clero,
3152 3615 3240 3668 del

577 3704 741 3775 quale
780 3705 944 3758 etiam
984 3703 1020 3757 li
1061 3703 1337 3757 medesimi
1375 3704 1562 3774 agenti
1599 3704 1645 3757 si
1682 3704 1960 3775 dolgffim,
1998 3705 2225 3758 dicendo
2263 3705 2365 3759 che
2402 3723 2509 3759 non
2546 3704 2801 3775 vogliono
2838 3703 3173 3759 contribuire
3209 3721 3245 3758 a

577 3811 706 3849 cosa
742 3793 942 3847 alcuna
977 3799 1034 3847 et
1070 3794 1172 3847 che
1209 3793 1292 3846 sin
1331 3795 1426 3865 qui
1461 3800 1609 3848 tutte
1645 3794 1696 3848 16
1734 3810 1890 3863 spese
1929 3795 1974 3847 si
2013 3811 2146 3848 sono
2196 3793 2334 3849 fatte
2385 3794 2531 3848 dalla
2580 3794 2803 3865 propria
2852 3793 3069 3848 box-scia
3113 3794 3241 3848 delli

576 3884 762 3954 poveri
800 3884 983 3954 agenti
1023 3890 1080 3937 et
1116 3883 1219 3938 che
1256 3884 1462 3936 boi-mai
1502 3901 1609 3937 non
1647 3884 1866 3954 possino
1902 3880 2027 3954 piu,
2073 3890 2131 3937 et
2168 3881 2282 3938 cosi
2318 3882 2390 3937 da
2426 3869 2554 3954 ogni
2579 3882 2776 3937 'banda
2811 3884 2862 3937 le
2900 3869 3026 3937 cose
3064 3901 3243 3937 vanno

577 3974 742 4028 male!
818 3976 941 4028 Zm-
993 3974 1366 4028 Anwesenheit
1418 3973 1754 4038 Erzbischof
1783 3973 2102 4027 Hermann-s
2150 3973 2214 4025 in
2256 3972 2408 4026 Κόῐη
2454 3974 2556 4041 vyl.
2595 3973 2735 4026 noch
2771 3971 3129 4041 Statepapers
3164 3972 3242 4039 X,

486 4067 558 4118 35
575 4082 662 4118 nr.
700 4068 841 4118 1232
875 4065 1035 4119 sowie
1072 4063 1178 4117 den
1215 4063 1631 4129 ausfuhrliehen
1668 4063 1744 4116 Bi
1758 4063 1844 4129 ies
1867 4063 2097 4117 Johamz
2135 4062 2413 4131 Groppers
2449 4079 2528 4114 an
2559 4060 2848 4127 Hoctfilter
2880 4079 2997 4116 vom
3037 4065 3108 4116 19
3140 4061 3245 4116 Ok-

575 4155 723 4207 tober
758 4156 835 4206 im
871 4153 1083 4208 Πέδιον.
1113 4154 1304 4207 Jahrb.
1344 4152 1475 4218 VII,
1506 4152 1560 4206 S.
1588 4155 1698 4206 399
1715 4151 1802 4218 Ιῗῖ,·
1838 4152 1985 4206 auch
2016 4151 2256 4206 Concino
2294 4155 2372 4205 22
2398 4150 2699 4205 November
2734 4150 2780 4204 b.
2811 4168 2857 4204 υ.
2886 4151 3114 4216 Druffel
3137 4151 3243 4206 IV.

575 4259 660 4296 nr.
701 4246 736 4296 9
770 4242 1030 4308 (daselbst
1074 4242 1220 4296 auch
1264 4243 1399 4296 tiber
1446 4242 1536 4295 die
1573 4259 1678 4296 aus
1713 4241 2060 4295 Frankreich
2094 4239 2607 4294 eumckkehrenden
2642 4239 2937 4293 deutschen
2972 4239 3243 4308 Sdldner).

576 4332 871 4400 Nat-affero
920 4331 1156 4386 schreibt
1202 4349 1301 4385 απτ
1340 4335 1416 4385 23
1453 4330 1779 4398 November,
1832 4330 1930 4384 der
1966 4330 2173 4384 Kaiser
2222 4330 2358 4384 habe
2408 4329 2530 4382 dem
2566 4328 2904 4394 Erzbischof
2938 4346 3047 4384 von
3092 4329 3246 4383 Koln

576 4421 916 4489 neuerdinys
950 4421 1145 4475 alcune
1183 4437 1309 4476 cose
1339 4419 1722 4488 aufqetraqen,
1762 4418 1859 4473 der
1886 4419 2026 4472 habe
2060 4421 2140 4473 sie
2176 4419 2307 4473 aber
2342 4418 2583 4473 ricusato
2611 4417 2969 4473 liberamente
2998 4424 3054 4472 et
3082 4432 3246 4472 senza

491 4511 562 4564 40
582 4509 826 4579 rispettO.

722 4597 764 4666 ²)
802 4598 1048 4653 Gemeint
1085 4600 1162 4653 ist
1196 4598 1465 4652 evnweder
1501 4597 1599 4652 der
1625 4598 1966 4652 Elsc'issische
2001 4597 2533 4666 Augustinermo‘nch
2570 4596 2852 4651 Johavmes
2879 4596 3246 4663 Hoffineister,

577 4688 800 4741 welcher
836 4688 951 4741 sich
988 4688 1052 4739 in
1090 4687 1265 4740 dieser
1302 4688 1425 4740 Zeit
1465 4688 1586 4742 teils
1622 4688 1686 4740 in
1722 4687 1937 4754 Metine,
1977 4688 2097 4740 teils
2131 4687 2197 4739 in
2241 4687 2441 4740 seinem
2479 4686 2703 4740 Kloster
2739 4702 2809 4740 zu
2845 4686 3078 4739 Kolmar
3114 4684 3246 4750 auf·

574 4778 831 4846 ⁸qehall'en
865 4793 936 4830 zu
971 4777 1147 4830 haben
1182 4777 1391 4830 scheint
1429 4777 1494 4843 (v.
1535 4776 1759 4843 Druffel
1791 4776 1855 4829 in
1892 4777 2031 4829 Abla.
2071 4776 2123 4830 d.
2165 4776 2283 4829 bai:
2316 4776 2416 4829 Ale.
2455 4776 2505 4829 d.
2557 4776 2638 4829 W.
2689 4776 2800 4829 III
2830 4776 2908 4829 ΟΖ.
2948 4774 3054 4827 Bal.
3095 4772 3257 4827 XIV

576 4865 796 4937 [1878],
837 4866 890 4920 S.
933 4869 1069 4932 158,-
1111 4866 1339 4932 Paulus,
1377 4866 1497 4920 Joh.
1529 4865 1888 4930 Hoffmeister
1922 4864 1978 4918 S.
2017 4865 2143 4934 198)
2182 4892 2247 4901 -
2287 4864 2420 4919 oder
2457 4865 2554 4919 der
2600 4863 2976 4929 Weihbischof
3005 4862 3252 4920 Michael
