3859 5575
660 475 769 538 654
1621 480 1719 536 No.
1756 482 1884 537 25⁴¹:
1925 481 2065 537 1546
2102 482 2245 536 Man
2285 483 2369 538 15.
2460 450 2463 453 ¹

437 679 576 729 1546
663 676 961 763 pontifice
1009 679 1148 763 jam
1206 684 1300 742 est
1355 700 1561 742 annus
1617 676 1869 764 elapsus
1923 678 2091 765 quod
2151 677 2342 765 legati
2401 677 2566 743 hanc
2625 680 2944 744 civitatem
3010 680 3330 744 intrarunt

392 748 626 802 Mrz.15
662 790 724 846 et
768 805 975 869 neque
1022 782 1276 849 obolum
1323 785 1578 871 quidem
1624 787 1861 871 recepit
1904 808 1966 851 u.
2013 808 2062 851 s.
2109 807 2183 851 w.

397 901 536 954 Mrz.
568 906 628 954 11
843 889 1138 956 Ostendit
1181 891 1410 956 deinde
1456 890 1667 957 literas
1712 891 1953 956 domini
1998 892 2260 973 Aurelii,
2307 894 2443 979 ejus
2487 894 2833 976 secretarii,
2895 915 2979 957 ex
3032 891 3189 957 urbe
3242 904 3317 959 11

664 996 851 1083 hujus
908 997 1119 1081 datos,
1175 1000 1238 1062 in
1300 997 1530 1086 quibus
1590 1021 1655 1063 se
1711 999 2043 1085 loquutum
2101 1000 2291 1065 fuisse
2350 1023 2494 1065 cum
2532 1000 2668 1064 ·R¹¹¹⁰
2716 1000 2971 1088 domino
3018 998 3326 1064 cardinali

663 1104 967 1169 Farnesio
1027 1105 1496 1189 continebatur,
1561 1128 1600 1170 a
1661 1128 1786 1192 quo
1844 1106 2247 1193 infrascripta
2304 1107 2650 1190 audiverit,
2711 1108 3003 1193 inquiens
3046 1108 3320 1193 primum
3392 1117 3437 1171 5

664 1211 1003 1276 cardinalis
1048 1214 1181 1298 ipse
1228 1212 1568 1278 Farnesius
1613 1215 1949 1279 secretario
1997 1236 2062 1279 se
2108 1213 2262 1278 nihil
2309 1237 2588 1300 unquam
2636 1213 2984 1279 celaturum
3018 1213 3325 1278 cardinali

664 1318 1055 1401 TridentinO,
1104 1342 1300 1405 quare
1347 1319 1515 1404 quod
1563 1327 1625 1383 et
1672 1318 2009 1383 Dandinus
2055 1329 2117 1384 et
2164 1320 2504 1407 Marquina
2548 1345 2588 1385 a
2634 1320 2946 1386 Caesarea
2992 1320 3325 1406 Majestate

661 1425 1042 1509 retulerunt,
1102 1426 1161 1491 ei
1221 1425 1608 1490 confidenter
1670 1425 2061 1513 propalabit,
2121 1426 2415 1492 videlicet
2460 1429 2630 1515 quod
2676 1430 3016 1514 imperator
3062 1428 3196 1514 ejus
3242 1427 3325 1490 sit

499 1543 627 1596 Mai
662 1532 1005 1597 firmissimi
1062 1534 1258 1597 animi
1318 1532 1571 1619 petendi
1631 1533 1752 1598 hoc
1810 1535 2103 1620 proximo
2179 1557 2391 1599 mense
2465 1535 2635 1621 majo
2691 1533 3089 1599 Lutheranos
3156 1531 3321 1598 bello

659 1641 874 1727 ireque
919 1662 1091 1704 nunc
1135 1640 1552 1705 Ratisbonam
1598 1641 1678 1705 ad
1727 1641 1993 1725 dietam,
2051 1664 2177 1706 non
2240 1649 2309 1705 ut
2365 1642 2598 1706 dietam
2662 1641 2966 1725 celebret,
3029 1641 3141 1706 sed
3200 1638 3323 1705 hac
3347 1650 3425 1702 10

660 1756 915 1833 arrepta
978 1748 1307 1812 occasione
1367 1749 1431 1811 in
1495 1747 1903 1814 Germaniam
1967 1771 2033 1814 se
2096 1749 2378 1813 conferat
2436 1758 2498 1813 et
2557 1756 2795 1814 metum
2854 1771 2894 1813 a
2938 1746 3323 1813 Lutheranis

662 1863 943 1938 avertat3
1013 1877 1159 1918 nam
1234 1855 1466 1919 dietam
1540 1854 1702 1920 hanc
1769 1859 1950 1943 quasi
2020 1856 2485 1943 quodammodo
2544 1865 2868 1942 pasturam
2939 1864 3010 1920 ut
3077 1863 3323 1941 tempus

660 1961 1134 2049 protraheretur
1196 1963 1286 2026 eis
1343 1960 1646 2027 hactenus
1706 1965 2099 2037 concessisse.
2192 1963 2360 2051 quod
2423 1986 2462 2028 a
2520 1963 2815 2049 pontifice
2875 1964 3131 2027 minime
3189 1984 3320 2026 cre-

662 2070 852 2134 datur
911 2076 974 2133 et
1030 2069 1110 2132 de
1169 2070 1545 2154 imperatore
1604 2071 1742 2155 ipso
1803 2093 1930 2134 non
1990 2069 2183 2135 libere
2241 2071 2382 2135 fidit
2435 2077 2495 2134 et
2542 2069 2778 2135 Caesar
2832 2070 2999 2134 idem
3046 2078 3318 2135 econtra.

660 2199 955 2263 nuncque
1000 2177 1221 2240 instari
1267 2177 1544 2240 maxime
1592 2200 1632 2241 a
1676 2176 2075 2242 Caesarianis
2122 2178 2289 2263 apud
2327 2178 2519 2242 Suam
2555 2177 2965 2241 Sanctitatem
3014 2186 3084 2242 ut
3128 2176 3321 2241 breve
3348 2186 3416 2238 15

662 2286 793 2347 sive
840 2281 1015 2348 bulla
1061 2282 1139 2347 de
1187 2280 1581 2369 vassallagiis
1626 2283 1718 2372 (in
1767 2307 1892 2370 qua
1940 2284 2307 2349 conceditur
2351 2285 2715 2370 imperatori
2764 2285 3045 2349 venditio
3086 2282 3320 2348 vassal-

659 2389 865 2454 lorum
913 2392 1431 2454 monasteriorum
1477 2392 1540 2454 in
1591 2390 1903 2477 Hispania
1949 2391 2029 2455 ad
2079 2414 2390 2455 summam
2439 2402 2880 2455 sexcentorum
2917 2390 3178 2456 millium
3212 2413 3321 2455 au-

660 2518 943 2579 reorum,
1004 2496 1085 2580 uts
1131 2496 1286 2560 alias
1352 2520 1546 2583 supra
1591 2499 1979 2580 notavimus)
2040 2498 2450 2584 expediatur,
2519 2498 2689 2584 quod
2761 2499 3047 2584 pontifex
3114 2497 3321 2562 facere

660 2604 918 2666 minime
977 2602 1133 2684 vult,
1194 2612 1530 2691 antequam
1590 2603 1674 2668 ab
1734 2607 2113 2690 imperatore
2172 2604 2251 2668 de
2311 2605 2632 2691 praedicto
2703 2603 2865 2669 bello
2924 2603 3321 2690 suscipiendo

663 2712 892 2774 certior
937 2710 1241 2776 reddatur
1294 2710 1444 2799 (hac
1489 2713 1652 2775 enim
1715 2734 1907 2776 causa
1966 2711 2327 2800 hujusmodi
2386 2714 2594 2799 gratia
2653 2714 2848 2799 petita
2907 2720 2969 2776 et
3027 2734 3321 2776 concessa
3340 2719 3417 2772 20

660 2819 896 2905 fuerat)
945 2818 1047 2883 vel
1093 2820 1611 2905 capitulationum
1660 2818 2121 2906 subscriptione
2166 2819 2269 2884 vel
2316 2819 2437 2884 alio
2485 2820 2758 2907 quodam
2807 2820 3067 2884 firmiori
3115 2818 3322 2902 mod0,

659 2948 741 2990 ne
787 2925 907 2990 hac
958 2925 1130 2990 bulla
1175 2925 1414 2991 Caesar
1460 2926 1757 3013 expedita
1803 2925 1949 2990 belli
1998 2928 2388 3013 provinciam
2428 2926 2852 3014 derelinquat:
2901 2935 3073 2991 tanto
3119 2926 3325 3011 magis

660 3055 803 3096 cum
852 3055 1075 3118 parum
1125 3035 1189 3096 in
1237 3032 1526 3098 Caesaris
1571 3032 1786 3097 verbis
1831 3034 2026 3098 fidere
2073 3057 2138 3098 se
2185 3036 2379 3120 possit
2424 3034 2730 3121 pontifex,
2777 3056 2918 3098 cum
2971 3057 3136 3098 anno
3183 3055 3322 3119 pre-

660 3142 862 3220 terit0,
911 3140 1164 3225 quando
1215 3139 1448 3204 bullam
1499 3141 1850 3205 medietatis
1896 3142 2213 3205 fructuum
2262 3142 2623 3227 imperatori
2657 3151 3073 3221 concesserat,
3120 3142 3325 3205 vetuit

659 3268 954 3331 expresse
1001 3269 1079 3310 ne
1125 3247 1298 3311 illam
1346 3250 1410 3311 in
1443 3246 1770 3333 Hispaniis
1802 3256 1949 3312 ante
1981 3248 2219 3312 dictum
2255 3246 2487 3312 bellum
2522 3247 2888 3334 publicaret,
2935 3250 3323 3312 contrarium
3343 3256 3417 3307 25

659 3362 866 3416 tamen
901 3353 1138 3417 factum
1172 3377 1305 3418 esse
1351 3353 1671 3439 intelligit3
1720 3363 2106 3441 quapropter
2152 3377 2251 3418 res
2297 3353 2491 3418 dubia
2522 3357 2673 3419 satis
2704 3355 2876 3441 apud
2909 3356 3320 3421 Sanctitatem

659 3460 852 3525 Suam
899 3460 1188 3525 redditur
1228 3484 1430 3548 neque
1478 3459 1687 3526 adhuc
1734 3462 1885 3548 quid
1935 3471 2105 3527 certo
2166 3461 2422 3526 credere
2478 3461 2708 3526 debeat
2765 3473 2827 3528 et
2871 3466 3065 3549 possit
3110 3461 3321 3526 habet.

661 3590 824 3654 quae
870 3568 1088 3632 relatio
1135 3570 1363 3633 mentis
1409 3568 1701 3634 Caesaris
1746 3569 2037 3653 infringit
2084 3567 2440 3655 (inquiebat
2486 3570 2885 3655 secretarius)
2945 3568 3321 3655 legationem

660 3674 1016 3738 Tridentini
1064 3676 1130 3739 in
1164 3675 1574 3741 Germaniam
1623 3676 1732 3754 (de
1777 3697 1905 3762 qua
1953 3675 2202 3762 supra),
2250 3698 2425 3757 cum,
2473 3677 2522 3739 si
2556 3675 2792 3740 Caesar
2838 3676 2991 3740 nihil
3038 3678 3102 3740 in
3150 3676 3321 3740 dicta

658 3783 828 3848 dieta
874 3805 940 3847 se
987 3783 1304 3847 facturum
1353 3783 1741 3868 profiteatur,
1788 3784 2025 3847 frustra
2071 3785 2151 3847 sit
2194 3781 2343 3847 illuc
2389 3782 2664 3868 legatum
2698 3785 2964 3866 mittere,
3011 3781 3161 3848 licet
3191 3806 3315 3847 non
3336 3791 3409 3843 30

656 3889 866 3955 adhuc
940 3889 1127 3976 hujus
1199 3891 1445 3975 negocii
1506 3890 1946 3955 certitudinem
2004 3888 2283 3953 haberet.
2375 3898 2701 3975 praeterea
2760 3890 3099 3955 Sanctitati
3157 3891 3324 3955 Suae

657 3997 922 4064 relatum
980 4001 1060 4061 sit
1104 3997 1275 4083 quod
1321 3996 1669 4061 Lutherani
1725 3995 2001 4082 plurima
2046 3995 2302 4060 Caesari
2366 3995 2782 4082 polliceantur
2842 4004 3064 4062 contra
3109 4020 3322 4082 regem

657 4104 1017 4188 Gallorum,
1078 4103 1555 4190 timendumque
1616 4111 1709 4167 est
1769 4126 1847 4166 ne
1908 4101 1990 4167 ob
2052 4103 2219 4167 sitim
2279 4103 2446 4168 Suae
2506 4103 2855 4188 Majestatis
2913 4102 3324 4190 belligerandi

658 4235 799 4276 cum
849 4234 997 4296 rege
1044 4210 1148 4275 illo
1197 4210 1310 4275 has
1355 4209 1832 4297 pollicitationes
1880 4218 2177 4295 acceptet.
2271 4209 2437 4296 quod
2487 4211 2537 4273 si
2579 4211 2831 4292 faceret,
2864 4219 3077 4274 actum
3126 4233 3322 4296 prope

656 4327 817 4383 esset
863 4319 942 4382 de
987 4318 1302 4404 religione.
1387 4341 1550 4405 quae
1596 4320 1810 4381 omnia
1854 4324 2091 4381 secreto
2139 4314 2221 4380 ab
2267 4317 2403 4402 ipso
2453 4316 2823 4381 Tridentino
2871 4317 3143 4381 tenenda
3187 4339 3321 4381 esse
3340 4324 3413 4376 35

655 4433 994 4511 rogaverat
1040 4425 1409 4507 Farnesius,
1472 4432 1851 4510 caveretque
1912 4425 1979 4487 in
2039 4425 2248 4509 specie
2303 4447 2382 4487 ne
2429 4447 2572 4488 cum
2621 4446 2720 4487 ca.
2776 4423 2856 4487 de
2906 4424 2988 4487 M.
3025 4428 3073 4508 ¹)
3121 4447 3323 4510 neque

655 4530 924 4597 verbum
970 4532 1235 4614 faceret3
1283 4530 1551 4597 libenter
1596 4533 1762 4595 enim
1811 4531 1982 4617 quod
2028 4530 2208 4595 audit
2253 4530 2391 4595 aliis
2437 4531 2626 4595 refert
2672 4568 2693 4579 -
2720 4568 2742 4578 -
2772 4570 2793 4579 -

381 4652 523 4704 Mra.
555 4654 624 4703 15
841 4639 1074 4704 Omnia
1118 4639 1242 4703 R¹¹¹⁰
1291 4638 1546 4703 domino
1593 4660 1732 4703 meo
1761 4637 1814 4726 ²)
1862 4637 2063 4702 retuli.

803 4744 840 4850 ἶ)
859 4743 1089 4837 aaa
1123 4784 1196 4836 ist
1233 4782 1648 4847 anaweifezhaft
1685 4781 1782 4835 aer
1819 4780 2111 4835 Karczinaz
2149 4782 2338 4836 Monte
2370 4782 2623 4850 qemeina

799 4875 837 4941 2‘)
876 4872 1166 4926 Kardinal
1201 4871 1470 4926 Marcello
1508 4869 1754 4926 Cercina.
3341 4867 3414 4919 40
