<?xml version="1.0" encoding="UTF-8"?>
<!DOCTYPE html PUBLIC "-//W3C//DTD XHTML 1.0 Transitional//EN"
    "http://www.w3.org/TR/xhtml1/DTD/xhtml1-transitional.dtd">
<html xmlns="http://www.w3.org/1999/xhtml" xml:lang="en" lang="en">
 <head>
  <title>
</title>
<meta http-equiv="Content-Type" content="text/html;charset=utf-8" />
  <meta name='ocr-system' content='tesseract 3.04.00' />
  <meta name='ocr-capabilities' content='ocr_page ocr_carea ocr_par ocr_line ocrx_word'/>
</head>
<body>
  <div class='ocr_page' id='page_1' title='image "./nuntiaturberich01deugoog_0500.png"; bbox 0 0 3859 5575; ppageno 0'>
   <div class='ocr_carea' id='block_1_1' title="bbox 1297 478 3239 545">
    <p class='ocr_par' dir='ltr' id='par_1_1' title="bbox 1297 478 3239 545">
     <span class='ocr_line' id='line_1_1' title="bbox 1297 478 3239 545; baseline 0.003 -5"><span class='ocrx_word' id='word_1_1' title='bbox 1297 479 1397 541; x_wconf 84' lang='lat' dir='ltr'>No.</span> <span class='ocrx_word' id='word_1_2' title='bbox 1437 484 1746 542; x_wconf 83' lang='lat'>104—105:</span> <span class='ocrx_word' id='word_1_3' title='bbox 1787 482 1927 541; x_wconf 80' lang='lat'>1545</span> <span class='ocrx_word' id='word_1_4' title='bbox 1962 483 2245 540; x_wconf 86' lang='lat' dir='ltr'>Dezember</span> <span class='ocrx_word' id='word_1_5' title='bbox 2281 485 2508 541; x_wconf 83' lang='lat'>10—12.</span> <span class='ocrx_word' id='word_1_6' title='bbox 3130 478 3239 545; x_wconf 78' lang='grc'>485</span> 
     </span>
    </p>
   </div>
   <div class='ocr_carea' id='block_1_2' title="bbox 519 681 3513 1179">
    <p class='ocr_par' dir='ltr' id='par_1_2' title="bbox 570 681 3504 1091">
     <span class='ocr_line' id='line_1_2' title="bbox 749 681 3463 769; baseline 0 -23"><span class='ocrx_word' id='word_1_7' title='bbox 749 681 846 746; x_wconf 88' lang='lat' dir='ltr'>La</span> <span class='ocrx_word' id='word_1_8' title='bbox 890 681 1113 747; x_wconf 83' lang='lat' dir='ltr'>lettera</span> <span class='ocrx_word' id='word_1_9' title='bbox 1157 705 1272 769; x_wconf 89' lang='lat' dir='ltr'>per</span> <span class='ocrx_word' id='word_1_10' title='bbox 1315 682 1379 746; x_wconf 91' lang='lat' dir='ltr'>la</span> <span class='ocrx_word' id='word_1_11' title='bbox 1429 682 1829 748; x_wconf 77' lang='lat' dir='ltr'>revocatione</span> <span class='ocrx_word' id='word_1_12' title='bbox 1877 682 1979 747; x_wconf 91' lang='lat' dir='ltr'>del</span> <span class='ocrx_word' id='word_1_13' title='bbox 2025 687 2344 769; x_wconf 79' lang='lat' dir='ltr'>sequestro</span> <span class='ocrx_word' id='word_1_14' title='bbox 2391 682 2459 746; x_wconf 89' lang='lat' dir='ltr'>di</span> <span class='ocrx_word' id='word_1_15' title='bbox 2505 682 2762 769; x_wconf 87' lang='lat' dir='ltr'>Spagna</span> <span class='ocrx_word' id='word_1_16' title='bbox 2821 684 2919 747; x_wconf 73' lang='grc'>616</span> <span class='ocrx_word' id='word_1_17' title='bbox 2963 683 3238 747; x_wconf 84' lang='lat' dir='ltr'>tuttavia</span> <span class='ocrx_word' id='word_1_18' title='bbox 3322 682 3463 735; x_wconf 72' lang='lat'><strong><em>1545</em></strong></span> 
     </span>
     <span class='ocr_line' id='line_1_3' title="bbox 570 751 3504 876; baseline -0 -22"><span class='ocrx_word' id='word_1_19' title='bbox 570 791 638 854; x_wconf 88' lang='lat' dir='ltr'>in</span> <span class='ocrx_word' id='word_1_20' title='bbox 683 789 904 855; x_wconf 91' lang='lat' dir='ltr'>ordine</span> <span class='ocrx_word' id='word_1_21' title='bbox 948 812 1064 876; x_wconf 90' lang='lat' dir='ltr'>per</span> <span class='ocrx_word' id='word_1_22' title='bbox 1108 811 1312 854; x_wconf 79' lang='lat' dir='ltr'>essere</span> <span class='ocrx_word' id='word_1_23' title='bbox 1356 790 1609 854; x_wconf 86' lang='lat' dir='ltr'>firmata</span> <span class='ocrx_word' id='word_1_24' title='bbox 1652 789 1738 853; x_wconf 89' lang='lat' dir='ltr'>da</span> <span class='ocrx_word' id='word_1_25' title='bbox 1782 789 1915 853; x_wconf 81' lang='lat' dir='ltr'>Sua</span> <span class='ocrx_word' id='word_1_26' title='bbox 1947 788 2193 854; x_wconf 68' lang='lat' dir='ltr'>Maesta</span> <span class='ocrx_word' id='word_1_27' title='bbox 2238 788 2303 853; x_wconf 90' lang='lat' dir='ltr'>la</span> <span class='ocrx_word' id='word_1_28' title='bbox 2344 789 2554 875; x_wconf 88' lang='lat' dir='ltr'>prima</span> <span class='ocrx_word' id='word_1_29' title='bbox 2597 788 2773 854; x_wconf 82' lang='lat' dir='ltr'>volta</span> <span class='ocrx_word' id='word_1_30' title='bbox 2819 788 2936 854; x_wconf 92' lang='grc'><strong>6116</strong></span> <span class='ocrx_word' id='word_1_31' title='bbox 2980 789 3238 854; x_wconf 75' lang='grc'><strong>11116616</strong></span> <span class='ocrx_word' id='word_1_32' title='bbox 3275 751 3405 806; x_wconf 53' lang='lat' dir='ltr'>Dae&#39;</span> <span class='ocrx_word' id='word_1_33' title='bbox 3433 756 3504 807; x_wconf 67' lang='lat'>1⁰</span> 
     </span>
     <span class='ocr_line' id='line_1_4' title="bbox 572 895 3239 984; baseline -0 -23"><span class='ocrx_word' id='word_1_34' title='bbox 572 896 823 982; x_wconf 79' lang='lat' dir='ltr'>spaccio</span> <span class='ocrx_word' id='word_1_35' title='bbox 871 918 986 983; x_wconf 90' lang='lat' dir='ltr'>per</span> <span class='ocrx_word' id='word_1_36' title='bbox 1025 895 1302 984; x_wconf 85' lang='lat' dir='ltr'>Spagna,</span> <span class='ocrx_word' id='word_1_37' title='bbox 1349 895 1395 960; x_wconf 91' lang='lat' dir='ltr'>il</span> <span class='ocrx_word' id='word_1_38' title='bbox 1425 895 1542 961; x_wconf 92' lang='grc'><strong>6116</strong></span> <span class='ocrx_word' id='word_1_39' title='bbox 1581 896 1943 961; x_wconf 89' lang='lat' dir='ltr'>intendemo</span> <span class='ocrx_word' id='word_1_40' title='bbox 1975 895 2090 960; x_wconf 90' lang='lat' dir='ltr'>che</span> <span class='ocrx_word' id='word_1_41' title='bbox 2121 898 2266 960; x_wconf 73' lang='grc'><strong>6616</strong></span> <span class='ocrx_word' id='word_1_42' title='bbox 2311 918 2489 961; x_wconf 91' lang='lat' dir='ltr'>come</span> <span class='ocrx_word' id='word_1_43' title='bbox 2533 897 2740 982; x_wconf 90' lang='lat' dir='ltr'>prima</span> <span class='ocrx_word' id='word_1_44' title='bbox 2785 918 2972 982; x_wconf 81' lang='lat' dir='ltr'>possa</span> <span class='ocrx_word' id='word_1_45' title='bbox 3015 918 3239 961; x_wconf 86' lang='lat' dir='ltr'>menar</span> 
     </span>
     <span class='ocr_line' id='line_1_5' title="bbox 572 1001 2948 1091; baseline -0 -23"><span class='ocrx_word' id='word_1_46' title='bbox 572 1003 636 1068; x_wconf 87' lang='lat' dir='ltr'>la</span> <span class='ocrx_word' id='word_1_47' title='bbox 680 1025 894 1087; x_wconf 90' lang='lat' dir='ltr'>mano,</span> <span class='ocrx_word' id='word_1_48' title='bbox 940 1013 1004 1068; x_wconf 87' lang='lat' dir='ltr'>et</span> <span class='ocrx_word' id='word_1_49' title='bbox 1048 1005 1101 1067; x_wconf 84' lang='lat' dir='ltr'>si</span> <span class='ocrx_word' id='word_1_50' title='bbox 1147 1004 1455 1068; x_wconf 70' lang='lat' dir='ltr'>mandara</span> <span class='ocrx_word' id='word_1_51' title='bbox 1498 1005 1564 1068; x_wconf 92' lang='lat' dir='ltr'>in</span> <span class='ocrx_word' id='word_1_52' title='bbox 1610 1009 1774 1068; x_wconf 81' lang='lat' dir='ltr'>tutta</span> <span class='ocrx_word' id='word_1_53' title='bbox 1819 1001 2146 1088; x_wconf 82' lang='lat' dir='ltr'>diligentia</span> <span class='ocrx_word' id='word_1_54' title='bbox 2192 1026 2231 1067; x_wconf 89' lang='lat' dir='ltr'>a</span> <span class='ocrx_word' id='word_1_55' title='bbox 2276 1005 2644 1089; x_wconf 81' lang='lat' dir='ltr'>monsignor</span> <span class='ocrx_word' id='word_1_56' title='bbox 2689 1004 2948 1091; x_wconf 84' lang='lat' dir='ltr'>Poggio.</span> 
     </span>
    </p>

    <p class='ocr_par' dir='ltr' id='par_1_3' title="bbox 519 1108 3513 1179">
     <span class='ocr_line' id='line_1_6' title="bbox 519 1108 3513 1179; baseline -0.001 -5"><span class='ocrx_word' id='word_1_57' title='bbox 519 1121 553 1174; x_wconf 85' lang='lat'>5</span> <span class='ocrx_word' id='word_1_58' title='bbox 752 1110 858 1175; x_wconf 87' lang='lat' dir='ltr'>Da</span> <span class='ocrx_word' id='word_1_59' title='bbox 903 1109 1190 1176; x_wconf 88' lang='lat' dir='ltr'>Bolduch</span> <span class='ocrx_word' id='word_1_60' title='bbox 1236 1134 1277 1175; x_wconf 90' lang='lat' dir='ltr'>a</span> <span class='ocrx_word' id='word_1_61' title='bbox 1325 1120 1409 1176; x_wconf 89' lang='grc'>10</span> <span class='ocrx_word' id='word_1_62' title='bbox 1456 1110 1521 1175; x_wconf 85' lang='lat' dir='ltr'>di</span> <span class='ocrx_word' id='word_1_63' title='bbox 1566 1108 1888 1176; x_wconf 90' lang='lat' dir='ltr'>dicembre</span> <span class='ocrx_word' id='word_1_64' title='bbox 1940 1118 2126 1179; x_wconf 83' lang='lat'>1545.</span> <span class='ocrx_word' id='word_1_65' title='bbox 3274 1116 3406 1172; x_wconf 75' lang='lat' dir='ltr'>Dez.</span> <span class='ocrx_word' id='word_1_66' title='bbox 3438 1121 3513 1171; x_wconf 83' lang='lat'>10</span> 
     </span>
    </p>
   </div>
   <div class='ocr_carea' id='block_1_3' title="bbox 486 1322 3506 2264">
    <p class='ocr_par' dir='ltr' id='par_1_4' title="bbox 572 1322 3506 1729">
     <span class='ocr_line' id='line_1_7' title="bbox 573 1322 3506 1407; baseline -0.002 -14"><span class='ocrx_word' id='word_1_67' title='bbox 573 1324 731 1394; x_wconf 84' lang='lat'><strong>105.</strong></span> <span class='ocrx_word' id='word_1_68' title='bbox 812 1324 1121 1390; x_wconf 73' lang='lat' dir='ltr'>Dandino</span> <span class='ocrx_word' id='word_1_69' title='bbox 1151 1345 1243 1388; x_wconf 82' lang='lat' dir='ltr'>an</span> <span class='ocrx_word' id='word_1_70' title='bbox 1271 1323 1591 1389; x_wconf 80' lang='lat' dir='ltr'>Farnese:</span> <span class='ocrx_word' id='word_1_71' title='bbox 1634 1324 1737 1388; x_wconf 77' lang='lat' dir='ltr'>die</span> <span class='ocrx_word' id='word_1_72' title='bbox 1770 1322 2090 1407; x_wconf 76' lang='lat' dir='ltr'>Sachlaye.</span> <span class='ocrx_word' id='word_1_73' title='bbox 2171 1324 2438 1405; x_wconf 76' lang='lat' dir='ltr'>Gefahr,</span> <span class='ocrx_word' id='word_1_74' title='bbox 2486 1324 2626 1405; x_wconf 78' lang='lat' dir='ltr'>dass</span> <span class='ocrx_word' id='word_1_75' title='bbox 2656 1322 3074 1403; x_wconf 77' lang='lat' dir='ltr'>Frankreich,</span> <span class='ocrx_word' id='word_1_76' title='bbox 3120 1325 3241 1389; x_wconf 76' lang='lat' dir='ltr'>mit</span> <span class='ocrx_word' id='word_1_77' title='bbox 3276 1332 3406 1387; x_wconf 65' lang='lat' dir='ltr'>Dae.</span> <span class='ocrx_word' id='word_1_78' title='bbox 3437 1337 3506 1386; x_wconf 74' lang='lat'>12</span> 
     </span>
     <span class='ocr_line' id='line_1_8' title="bbox 572 1430 3240 1514; baseline 0 -18"><span class='ocrx_word' id='word_1_79' title='bbox 572 1432 712 1496; x_wconf 82' lang='lat' dir='ltr'>dem</span> <span class='ocrx_word' id='word_1_80' title='bbox 759 1432 838 1497; x_wconf 88' lang='lat' dir='ltr'><strong><em>K</em></strong></span> <span class='ocrx_word' id='word_1_81' title='bbox 833 1432 1008 1496; x_wconf 84' lang='lat' dir='ltr'>aiser</span> <span class='ocrx_word' id='word_1_82' title='bbox 1049 1430 1226 1495; x_wconf 77' lang='lat' dir='ltr'>nicht</span> <span class='ocrx_word' id='word_1_83' title='bbox 1267 1436 1591 1513; x_wconf 74' lang='lat' dir='ltr'>vertrayen</span> <span class='ocrx_word' id='word_1_84' title='bbox 1636 1431 1778 1495; x_wconf 80' lang='lat' dir='ltr'>und</span> <span class='ocrx_word' id='word_1_85' title='bbox 1814 1432 2045 1513; x_wconf 70' lang='lat' dir='ltr'>yereizt</span> <span class='ocrx_word' id='word_1_86' title='bbox 2090 1431 2286 1496; x_wconf 81' lang='lat' dir='ltr'><strong><em>durch</em></strong></span> <span class='ocrx_word' id='word_1_87' title='bbox 2331 1432 2437 1497; x_wconf 77' lang='lat' dir='ltr'>des</span> <span class='ocrx_word' id='word_1_88' title='bbox 2477 1431 2767 1497; x_wconf 68' lang='lat' dir='ltr'>leteteren</span> <span class='ocrx_word' id='word_1_89' title='bbox 2797 1432 3240 1514; x_wconf 74' lang='lat' dir='ltr'>Anm&#39;iheruny</span> 
     </span>
     <span class='ocr_line' id='line_1_9' title="bbox 575 1537 3241 1621; baseline 0 -19"><span class='ocrx_word' id='word_1_90' title='bbox 575 1559 665 1602; x_wconf 79' lang='lat' dir='ltr'>an</span> <span class='ocrx_word' id='word_1_91' title='bbox 703 1537 1025 1621; x_wconf 75' lang='lat' dir='ltr'>Enyland,</span> <span class='ocrx_word' id='word_1_92' title='bbox 1072 1537 1204 1618; x_wconf 78' lang='lat' dir='ltr'>auf</span> <span class='ocrx_word' id='word_1_93' title='bbox 1238 1537 1343 1601; x_wconf 81' lang='lat' dir='ltr'>die</span> <span class='ocrx_word' id='word_1_94' title='bbox 1390 1537 1556 1602; x_wconf 82' lang='lat' dir='ltr'>Seite</span> <span class='ocrx_word' id='word_1_95' title='bbox 1601 1539 1712 1602; x_wconf 78' lang='lat' dir='ltr'>der</span> <span class='ocrx_word' id='word_1_96' title='bbox 1758 1538 2090 1604; x_wconf 75' lang='lat' dir='ltr'>deutschen</span> <span class='ocrx_word' id='word_1_97' title='bbox 2135 1538 2538 1603; x_wconf 79' lang='lat' dir='ltr'>Lutheraner</span> <span class='ocrx_word' id='word_1_98' title='bbox 2582 1544 2775 1603; x_wconf 77' lang='lat' dir='ltr'>treten</span> <span class='ocrx_word' id='word_1_99' title='bbox 2819 1539 3062 1616; x_wconf 63' lang='lat' dir='ltr'>labante,</span> <span class='ocrx_word' id='word_1_100' title='bbox 3107 1559 3241 1603; x_wconf 82' lang='lat' dir='ltr'>was</span> 
     </span>
     <span class='ocr_line' id='line_1_10' title="bbox 574 1644 3241 1729; baseline 0 -20"><span class='ocrx_word' id='word_1_101' title='bbox 574 1645 676 1709; x_wconf 78' lang='lat' dir='ltr'>die</span> <span class='ocrx_word' id='word_1_102' title='bbox 721 1645 1104 1709; x_wconf 73' lang='lat' dir='ltr'>Aussiehten</span> <span class='ocrx_word' id='word_1_103' title='bbox 1147 1644 1260 1725; x_wconf 65' lang='lat' dir='ltr'>fiir</span> <span class='ocrx_word' id='word_1_104' title='bbox 1304 1645 1425 1709; x_wconf 76' lang='lat' dir='ltr'>den</span> <span class='ocrx_word' id='word_1_105' title='bbox 1468 1644 2080 1728; x_wconf 52' lang='lat' dir='ltr'>Protestantenkrdey</span> <span class='ocrx_word' id='word_1_106' title='bbox 2132 1647 2525 1729; x_wconf 65' lang='grc' dir='ltr'>υθννὶηρενπ,</span> <span class='ocrx_word' id='word_1_107' title='bbox 2585 1646 2890 1711; x_wconf 75' lang='lat' dir='ltr'>vielleicht</span> <span class='ocrx_word' id='word_1_108' title='bbox 2944 1667 3066 1728; x_wconf 74' lang='lat' dir='ltr'>yar</span> <span class='ocrx_word' id='word_1_109' title='bbox 3121 1646 3241 1710; x_wconf 72' lang='lat' dir='ltr'>den</span> 
     </span>
    </p>

    <p class='ocr_par' dir='ltr' id='par_1_5' title="bbox 486 1751 3242 2264">
     <span class='ocr_line' id='line_1_11' title="bbox 486 1751 3241 1833; baseline -0 -16"><span class='ocrx_word' id='word_1_110' title='bbox 486 1765 553 1818; x_wconf 92' lang='lat'>10</span> <span class='ocrx_word' id='word_1_111' title='bbox 573 1752 820 1817; x_wconf 66' lang='lat' dir='ltr'>Kaisar</span> <span class='ocrx_word' id='word_1_112' title='bbox 853 1751 1261 1817; x_wconf 73' lang='lat' dir='ltr'>veranlasscn</span> <span class='ocrx_word' id='word_1_113' title='bbox 1290 1752 1520 1829; x_wconf 66' lang='lat' dir='ltr'>wilrde,</span> <span class='ocrx_word' id='word_1_114' title='bbox 1551 1753 1684 1817; x_wconf 76' lang='lat' dir='ltr'>sich</span> <span class='ocrx_word' id='word_1_115' title='bbox 1715 1752 1847 1833; x_wconf 80' lang='lat' dir='ltr'>auf</span> <span class='ocrx_word' id='word_1_116' title='bbox 1857 1753 2097 1818; x_wconf 72' lang='lat' dir='ltr'>Kosten</span> <span class='ocrx_word' id='word_1_117' title='bbox 2128 1753 2239 1818; x_wconf 81' lang='lat' dir='ltr'>der</span> <span class='ocrx_word' id='word_1_118' title='bbox 2262 1754 2479 1819; x_wconf 79' lang='lat' dir='ltr'>Kurie</span> <span class='ocrx_word' id='word_1_119' title='bbox 2508 1754 2623 1818; x_wconf 72' lang='lat' dir='ltr'>mit</span> <span class='ocrx_word' id='word_1_120' title='bbox 2653 1754 2772 1818; x_wconf 81' lang='lat' dir='ltr'>den</span> <span class='ocrx_word' id='word_1_121' title='bbox 2796 1752 3241 1818; x_wconf 74' lang='lat' dir='ltr'>Dutheranem</span> 
     </span>
     <span class='ocr_line' id='line_1_12' title="bbox 571 1858 3241 1941; baseline 0 -18"><span class='ocrx_word' id='word_1_122' title='bbox 571 1878 655 1923; x_wconf 67' lang='lat' dir='ltr'>zu</span> <span class='ocrx_word' id='word_1_123' title='bbox 716 1862 1059 1940; x_wconf 73' lang='lat' dir='ltr'>vertrayen.</span> <span class='ocrx_word' id='word_1_124' title='bbox 1152 1860 1571 1941; x_wconf 78' lang='lat' dir='ltr'>Zweideutiye</span> <span class='ocrx_word' id='word_1_125' title='bbox 1629 1858 2149 1941; x_wconf 71' lang='lat' dir='ltr'>Konzilspolitik-</span> <span class='ocrx_word' id='word_1_126' title='bbox 2182 1859 2634 1927; x_wconf 78' lang='lat' dir='ltr'>Frankreichs.</span> <span class='ocrx_word' id='word_1_127' title='bbox 2730 1860 3063 1925; x_wconf 73' lang='lat' dir='ltr'>Zunalune</span> <span class='ocrx_word' id='word_1_128' title='bbox 3131 1860 3241 1924; x_wconf 78' lang='lat' dir='ltr'>der</span> 
     </span>
     <span class='ocr_line' id='line_1_13' title="bbox 573 1965 3242 2048; baseline -0 -18"><span class='ocrx_word' id='word_1_129' title='bbox 573 1965 940 2031; x_wconf 71' lang='lat' dir='ltr'>Krankheit</span> <span class='ocrx_word' id='word_1_130' title='bbox 1007 1966 1117 2032; x_wconf 77' lang='lat' dir='ltr'>des</span> <span class='ocrx_word' id='word_1_131' title='bbox 1182 1965 1458 2030; x_wconf 71' lang='lat' dir='ltr'>Kaisar-3</span> <span class='ocrx_word' id='word_1_132' title='bbox 1470 1987 1491 2044; x_wconf 93' lang='lat'>,·</span> <span class='ocrx_word' id='word_1_133' title='bbox 1565 1966 2022 2048; x_wconf 68' lang='lat' dir='ltr'>Vercinderunq</span> <span class='ocrx_word' id='word_1_134' title='bbox 2088 1967 2202 2031; x_wconf 81' lang='lat' dir='ltr'>cler</span> <span class='ocrx_word' id='word_1_135' title='bbox 2271 1967 2915 2048; x_wconf 72' lang='lat' dir='ltr'>Reisedispositionm</span> <span class='ocrx_word' id='word_1_136' title='bbox 2978 1965 3242 2048; x_wconf 71' lang='lat' dir='ltr'>mb&#39;ylich</span> 
     </span>
     <span class='ocr_line' id='line_1_14' title="bbox 572 2064 3238 2154; baseline 0 -18"><span class='ocrx_word' id='word_1_137' title='bbox 572 2077 729 2138; x_wconf 70' lang='lat' dir='ltr'>trotz</span> <span class='ocrx_word' id='word_1_138' title='bbox 773 2073 883 2138; x_wconf 82' lang='lat' dir='ltr'>des</span> <span class='ocrx_word' id='word_1_139' title='bbox 928 2064 1320 2154; x_wconf 76' lang='lat' dir='ltr'>drin&#39;qenden</span> <span class='ocrx_word' id='word_1_140' title='bbox 1363 2073 1705 2139; x_wconf 70' lang='lat' dir='ltr'>Wunsclzes</span> <span class='ocrx_word' id='word_1_141' title='bbox 1733 2073 1958 2152; x_wconf 79' lang='lat' dir='ltr'>Karls,</span> <span class='ocrx_word' id='word_1_142' title='bbox 2018 2073 2269 2140; x_wconf 80' lang='lat' dir='ltr'>Utrecht</span> <span class='ocrx_word' id='word_1_143' title='bbox 2310 2095 2394 2139; x_wconf 72' lang='lat' dir='ltr'>zu</span> <span class='ocrx_word' id='word_1_144' title='bbox 2438 2075 2741 2140; x_wconf 76' lang='lat' dir='ltr'>besuchen</span> <span class='ocrx_word' id='word_1_145' title='bbox 2782 2074 2922 2138; x_wconf 78' lang='lat' dir='ltr'>und</span> <span class='ocrx_word' id='word_1_146' title='bbox 2963 2074 3082 2137; x_wconf 80' lang='lat' dir='ltr'>das</span> <span class='ocrx_word' id='word_1_147' title='bbox 3119 2072 3238 2138; x_wconf 85' lang='lat' dir='ltr'>Or-</span> 
     </span>
     <span class='ocr_line' id='line_1_15' title="bbox 573 2179 2922 2264; baseline 0 -19"><span class='ocrx_word' id='word_1_148' title='bbox 573 2179 964 2261; x_wconf 74' lang='lat' dir='ltr'>denskapitel</span> <span class='ocrx_word' id='word_1_149' title='bbox 1007 2180 1144 2245; x_wconf 81' lang='lat' dir='ltr'>dort</span> <span class='ocrx_word' id='word_1_150' title='bbox 1189 2180 1581 2246; x_wconf 72' lang='lat' dir='ltr'>abzukalten.</span> <span class='ocrx_word' id='word_1_151' title='bbox 1673 2182 1838 2246; x_wconf 81' lang='lat'><strong><em>1545</em></strong></span> <span class='ocrx_word' id='word_1_152' title='bbox 1882 2181 2220 2247; x_wconf 79' lang='lat' dir='ltr'>Dezember</span> <span class='ocrx_word' id='word_1_153' title='bbox 2263 2185 2349 2247; x_wconf 80' lang='lat'>12</span> <span class='ocrx_word' id='word_1_154' title='bbox 2396 2181 2922 2264; x_wconf 66' lang='lat' dir='ltr'>Herzoyenbusch.</span> 
     </span>
    </p>
   </div>
   <div class='ocr_carea' id='block_1_4' title="bbox 485 2301 3244 4626">
    <p class='ocr_par' dir='ltr' id='par_1_6' title="bbox 489 2301 3241 2465">
     <span class='ocr_line' id='line_1_16' title="bbox 489 2301 3241 2375; baseline -0.001 -13"><span class='ocrx_word' id='word_1_155' title='bbox 489 2308 553 2362; x_wconf 85' lang='lat'>15</span> <span class='ocrx_word' id='word_1_156' title='bbox 715 2305 838 2360; x_wconf 70' lang='lat' dir='ltr'>Aue</span> <span class='ocrx_word' id='word_1_157' title='bbox 875 2304 1114 2375; x_wconf 74' lang='lat' dir='ltr'>Neapel,</span> <span class='ocrx_word' id='word_1_158' title='bbox 1153 2306 1383 2360; x_wconf 74' lang='lat' dir='ltr'>Grande</span> <span class='ocrx_word' id='word_1_159' title='bbox 1420 2305 1682 2360; x_wconf 70' lang='lat' dir='ltr'>Archivae&#39;o</span> <span class='ocrx_word' id='word_1_160' title='bbox 1738 2304 1903 2360; x_wconf 79' lang='lat' dir='ltr'>Carte</span> <span class='ocrx_word' id='word_1_161' title='bbox 1942 2304 2165 2359; x_wconf 80' lang='lat' dir='ltr'>Fames.</span> <span class='ocrx_word' id='word_1_162' title='bbox 2203 2304 2339 2361; x_wconf 80' lang='lat' dir='ltr'>fasc.</span> <span class='ocrx_word' id='word_1_163' title='bbox 2378 2307 2482 2360; x_wconf 82' lang='lat'>748</span> <span class='ocrx_word' id='word_1_164' title='bbox 2533 2306 2736 2375; x_wconf 55' lang='lat' dir='ltr'>ayma.</span> <span class='ocrx_word' id='word_1_165' title='bbox 2792 2305 2962 2375; x_wconf 68' lang='lat' dir='ltr'>Oriq„</span> <span class='ocrx_word' id='word_1_166' title='bbox 3004 2301 3241 2374; x_wconf 76' lang='lat' dir='ltr'>yrosten·</span> 
     </span>
     <span class='ocr_line' id='line_1_17' title="bbox 788 2392 2553 2465; baseline -0.001 -15"><span class='ocrx_word' id='word_1_167' title='bbox 788 2393 908 2449; x_wconf 73' lang='lat' dir='ltr'>teile</span> <span class='ocrx_word' id='word_1_168' title='bbox 944 2393 1233 2461; x_wconf 69' lang='lat' dir='ltr'>chiffl-ian,</span> <span class='ocrx_word' id='word_1_169' title='bbox 1272 2392 1603 2465; x_wconf 65' lang='lat' dir='ltr'>Auslosunq</span> <span class='ocrx_word' id='word_1_170' title='bbox 1635 2395 1762 2464; x_wconf 73' lang='grc'><strong>96111</strong></span> <span class='ocrx_word' id='word_1_171' title='bbox 1799 2394 1913 2462; x_wconf 68' lang='grc' dir='ltr'>ὸοίς</span> <span class='ocrx_word' id='word_1_172' title='bbox 1939 2400 2096 2465; x_wconf 59' lang='lat' dir='ltr'>prdie.</span> <span class='ocrx_word' id='word_1_173' title='bbox 2132 2398 2211 2450; x_wconf 84' lang='lat'>28</span> <span class='ocrx_word' id='word_1_174' title='bbox 2245 2393 2553 2450; x_wconf 75' lang='lat' dir='ltr'>Dezember.</span> 
     </span>
    </p>

    <p class='ocr_par' dir='ltr' id='par_1_7' title="bbox 753 2499 3242 2588">
     <span class='ocr_line' id='line_1_18' title="bbox 753 2499 3242 2588; baseline 0 -21"><span class='ocrx_word' id='word_1_175' title='bbox 753 2500 930 2567; x_wconf 84' lang='lat' dir='ltr'>Oltre</span> <span class='ocrx_word' id='word_1_176' title='bbox 958 2502 1014 2587; x_wconf 76' lang='lat'>⁸)</span> <span class='ocrx_word' id='word_1_177' title='bbox 1060 2499 1267 2588; x_wconf 90' lang='lat' dir='ltr'>quello</span> <span class='ocrx_word' id='word_1_178' title='bbox 1313 2500 1431 2566; x_wconf 91' lang='lat' dir='ltr'>che</span> <span class='ocrx_word' id='word_1_179' title='bbox 1475 2523 1588 2588; x_wconf 90' lang='lat' dir='ltr'>per</span> <span class='ocrx_word' id='word_1_180' title='bbox 1632 2500 1696 2566; x_wconf 87' lang='lat' dir='ltr'>la</span> <span class='ocrx_word' id='word_1_181' title='bbox 1741 2500 1964 2567; x_wconf 85' lang='grc'><strong>1611616</strong></span> <span class='ocrx_word' id='word_1_182' title='bbox 2022 2524 2357 2567; x_wconf 82' lang='grc'><strong>6016161166</strong></span> <span class='ocrx_word' id='word_1_183' title='bbox 2401 2503 2455 2566; x_wconf 87' lang='grc'>61</span> <span class='ocrx_word' id='word_1_184' title='bbox 2501 2503 2536 2566; x_wconf 78' lang='grc' dir='ltr'>ὲ</span> <span class='ocrx_word' id='word_1_185' title='bbox 2574 2503 2789 2568; x_wconf 84' lang='lat' dir='ltr'>scritto</span> <span class='ocrx_word' id='word_1_186' title='bbox 2835 2524 2875 2567; x_wconf 87' lang='lat' dir='ltr'>a</span> <span class='ocrx_word' id='word_1_187' title='bbox 2904 2502 2985 2569; x_wconf 93' lang='lat' dir='ltr'>V.</span> <span class='ocrx_word' id='word_1_188' title='bbox 3020 2501 3081 2568; x_wconf 89' lang='lat' dir='ltr'>S.</span> <span class='ocrx_word' id='word_1_189' title='bbox 3113 2501 3242 2567; x_wconf 64' lang='grc' dir='ltr'>ΒιΙΙΙὶι</span> 
     </span>
    </p>

    <p class='ocr_par' dir='ltr' id='par_1_8' title="bbox 485 2606 3244 4626">
     <span class='ocr_line' id='line_1_19' title="bbox 573 2606 3242 2695; baseline 0 -21"><span class='ocrx_word' id='word_1_190' title='bbox 573 2610 793 2675; x_wconf 84' lang='grc'><strong>6666161</strong></span> <span class='ocrx_word' id='word_1_191' title='bbox 839 2611 1087 2674; x_wconf 84' lang='grc'><strong>11116110</strong></span> <span class='ocrx_word' id='word_1_192' title='bbox 1134 2607 1239 2672; x_wconf 86' lang='lat' dir='ltr'>dal</span> <span class='ocrx_word' id='word_1_193' title='bbox 1284 2606 1726 2674; x_wconf 79' lang='lat' dir='ltr'>imbaeciatore</span> <span class='ocrx_word' id='word_1_194' title='bbox 1771 2609 1838 2674; x_wconf 87' lang='lat' dir='ltr'>di</span> <span class='ocrx_word' id='word_1_195' title='bbox 1883 2609 2174 2693; x_wconf 83' lang='lat' dir='ltr'>Francia,</span> <span class='ocrx_word' id='word_1_196' title='bbox 2223 2609 2429 2695; x_wconf 89' lang='lat' dir='ltr'>parmi</span> <span class='ocrx_word' id='word_1_197' title='bbox 2476 2607 2676 2674; x_wconf 82' lang='lat' dir='ltr'>auehe</span> <span class='ocrx_word' id='word_1_198' title='bbox 2723 2606 2839 2673; x_wconf 91' lang='lat' dir='ltr'>che</span> <span class='ocrx_word' id='word_1_199' title='bbox 2884 2631 2951 2673; x_wconf 90' lang='grc'>66</span> <span class='ocrx_word' id='word_1_200' title='bbox 2980 2607 3025 2673; x_wconf 92' lang='grc'>11</span> <span class='ocrx_word' id='word_1_201' title='bbox 3054 2631 3242 2695; x_wconf 84' lang='lat' dir='ltr'>possa</span> 
     </span>
     <span class='ocr_line' id='line_1_20' title="bbox 576 2715 3242 2803; baseline 0 -23"><span class='ocrx_word' id='word_1_202' title='bbox 576 2718 962 2803; x_wconf 88' lang='lat' dir='ltr'>aggiungere</span> <span class='ocrx_word' id='word_1_203' title='bbox 1007 2715 1124 2781; x_wconf 91' lang='lat' dir='ltr'>che</span> <span class='ocrx_word' id='word_1_204' title='bbox 1168 2715 1275 2781; x_wconf 90' lang='lat' dir='ltr'>dal</span> <span class='ocrx_word' id='word_1_205' title='bbox 1306 2715 1646 2782; x_wconf 78' lang='lat' dir='ltr'>medesimo</span> <span class='ocrx_word' id='word_1_206' title='bbox 1677 2717 2155 2803; x_wconf 85' lang='lat' dir='ltr'>ragionamento</span> <span class='ocrx_word' id='word_1_207' title='bbox 2186 2718 2236 2780; x_wconf 85' lang='lat' dir='ltr'>si</span> <span class='ocrx_word' id='word_1_208' title='bbox 2269 2717 2304 2779; x_wconf 78' lang='lat' dir='ltr'>e</span> <span class='ocrx_word' id='word_1_209' title='bbox 2335 2722 2556 2803; x_wconf 82' lang='lat' dir='ltr'>potato</span> <span class='ocrx_word' id='word_1_210' title='bbox 2589 2716 2778 2780; x_wconf 88' lang='lat' dir='ltr'>etiam</span> <span class='ocrx_word' id='word_1_211' title='bbox 2811 2717 3242 2781; x_wconf 85' lang='lat' dir='ltr'>coniecturare</span> 
     </span>
     <span class='ocr_line' id='line_1_21' title="bbox 485 2822 3242 2910; baseline 0 -22"><span class='ocrx_word' id='word_1_212' title='bbox 485 2836 555 2889; x_wconf 82' lang='lat'>20</span> <span class='ocrx_word' id='word_1_213' title='bbox 575 2823 692 2889; x_wconf 89' lang='lat' dir='ltr'>che</span> <span class='ocrx_word' id='word_1_214' title='bbox 736 2824 844 2909; x_wconf 65' lang='lat' dir='ltr'>gia</span> <span class='ocrx_word' id='word_1_215' title='bbox 888 2823 931 2888; x_wconf 91' lang='lat' dir='ltr'>il</span> <span class='ocrx_word' id='word_1_216' title='bbox 976 2846 1047 2888; x_wconf 90' lang='lat' dir='ltr'>re</span> <span class='ocrx_word' id='word_1_217' title='bbox 1093 2825 1144 2887; x_wconf 89' lang='grc'>61</span> <span class='ocrx_word' id='word_1_218' title='bbox 1191 2824 1284 2889; x_wconf 89' lang='grc'>616</span> <span class='ocrx_word' id='word_1_219' title='bbox 1327 2846 1531 2889; x_wconf 77' lang='lat' dir='ltr'>messe</span> <span class='ocrx_word' id='word_1_220' title='bbox 1578 2825 1771 2889; x_wconf 86' lang='lat' dir='ltr'>molto</span> <span class='ocrx_word' id='word_1_221' title='bbox 1818 2827 2039 2889; x_wconf 87' lang='lat' dir='ltr'>avanti</span> <span class='ocrx_word' id='word_1_222' title='bbox 2083 2824 2142 2889; x_wconf 91' lang='lat' dir='ltr'>le</span> <span class='ocrx_word' id='word_1_223' title='bbox 2188 2823 2473 2910; x_wconf 86' lang='lat' dir='ltr'>pratiche</span> <span class='ocrx_word' id='word_1_224' title='bbox 2517 2823 2597 2888; x_wconf 90' lang='lat' dir='ltr'>de</span> <span class='ocrx_word' id='word_1_225' title='bbox 2645 2823 2968 2905; x_wconf 87' lang='lat' dir='ltr'>Luterani,</span> <span class='ocrx_word' id='word_1_226' title='bbox 3014 2830 3077 2888; x_wconf 87' lang='lat' dir='ltr'>et</span> <span class='ocrx_word' id='word_1_227' title='bbox 3124 2822 3242 2888; x_wconf 90' lang='lat' dir='ltr'>che</span> 
     </span>
     <span class='ocr_line' id='line_1_22' title="bbox 575 2929 3239 3018; baseline -0 -23"><span class='ocrx_word' id='word_1_228' title='bbox 575 2932 714 3010; x_wconf 82' lang='lat' dir='ltr'>essi,</span> <span class='ocrx_word' id='word_1_229' title='bbox 763 2953 942 2996; x_wconf 90' lang='lat' dir='ltr'>come</span> <span class='ocrx_word' id='word_1_230' title='bbox 988 2929 1179 3017; x_wconf 88' lang='lat' dir='ltr'>quelli</span> <span class='ocrx_word' id='word_1_231' title='bbox 1225 2930 1341 2996; x_wconf 89' lang='lat' dir='ltr'>che</span> <span class='ocrx_word' id='word_1_232' title='bbox 1388 2953 1655 2997; x_wconf 87' lang='grc'><strong>6616660</strong></span> <span class='ocrx_word' id='word_1_233' title='bbox 1700 2955 1818 3018; x_wconf 88' lang='lat' dir='ltr'>per</span> <span class='ocrx_word' id='word_1_234' title='bbox 1861 2939 2023 2997; x_wconf 83' lang='lat' dir='ltr'>tutte</span> <span class='ocrx_word' id='word_1_235' title='bbox 2059 2932 2118 2996; x_wconf 89' lang='lat' dir='ltr'>le</span> <span class='ocrx_word' id='word_1_236' title='bbox 2150 2932 2251 2996; x_wconf 87' lang='lat' dir='ltr'>vie</span> <span class='ocrx_word' id='word_1_237' title='bbox 2282 2931 2347 2996; x_wconf 88' lang='lat' dir='ltr'>di</span> <span class='ocrx_word' id='word_1_238' title='bbox 2379 2930 2823 2996; x_wconf 80' lang='lat' dir='ltr'>contraminar&#39;</span> <span class='ocrx_word' id='word_1_239' title='bbox 2858 2930 2964 2995; x_wconf 89' lang='lat' dir='ltr'>alli</span> <span class='ocrx_word' id='word_1_240' title='bbox 2996 2929 3239 3016; x_wconf 83' lang='lat' dir='ltr'>disegni</span> 
     </span>
     <span class='ocr_line' id='line_1_23' title="bbox 576 3036 3241 3126; baseline 0 -25"><span class='ocrx_word' id='word_1_241' title='bbox 576 3045 640 3101; x_wconf 85' lang='lat' dir='ltr'>et</span> <span class='ocrx_word' id='word_1_242' title='bbox 682 3036 1040 3123; x_wconf 86' lang='lat' dir='ltr'>grandezza</span> <span class='ocrx_word' id='word_1_243' title='bbox 1084 3037 1184 3102; x_wconf 88' lang='lat' dir='ltr'>del</span> <span class='ocrx_word' id='word_1_244' title='bbox 1231 3039 1645 3126; x_wconf 83' lang='lat' dir='ltr'>imperatore,</span> <span class='ocrx_word' id='word_1_245' title='bbox 1693 3061 1870 3103; x_wconf 90' lang='lat' dir='ltr'>come</span> <span class='ocrx_word' id='word_1_246' title='bbox 1930 3040 1983 3102; x_wconf 89' lang='grc'>61</span> <span class='ocrx_word' id='word_1_247' title='bbox 2030 3039 2066 3103; x_wconf 78' lang='grc' dir='ltr'>ὸ</span> <span class='ocrx_word' id='word_1_248' title='bbox 2113 3038 2284 3103; x_wconf 88' lang='lat' dir='ltr'>detto</span> <span class='ocrx_word' id='word_1_249' title='bbox 2331 3060 2445 3125; x_wconf 89' lang='lat' dir='ltr'>per</span> <span class='ocrx_word' id='word_1_250' title='bbox 2488 3036 2551 3102; x_wconf 86' lang='lat' dir='ltr'>la</span> <span class='ocrx_word' id='word_1_251' title='bbox 2604 3036 2826 3102; x_wconf 88' lang='lat' dir='ltr'>lettera</span> <span class='ocrx_word' id='word_1_252' title='bbox 2886 3059 3241 3122; x_wconf 89' lang='lat' dir='ltr'>commune,</span> 
     </span>
     <span class='ocr_line' id='line_1_24' title="bbox 575 3142 3240 3231; baseline 0 -24"><span class='ocrx_word' id='word_1_253' title='bbox 575 3145 756 3208; x_wconf 88' lang='grc'><strong>66160</strong></span> <span class='ocrx_word' id='word_1_254' title='bbox 805 3145 952 3229; x_wconf 85' lang='lat' dir='ltr'>ogni</span> <span class='ocrx_word' id='word_1_255' title='bbox 999 3144 1205 3209; x_wconf 82' lang='lat' dir='ltr'>studio</span> <span class='ocrx_word' id='word_1_256' title='bbox 1254 3154 1317 3210; x_wconf 86' lang='lat' dir='ltr'>et</span> <span class='ocrx_word' id='word_1_257' title='bbox 1361 3152 1497 3209; x_wconf 83' lang='lat' dir='ltr'>arte</span> <span class='ocrx_word' id='word_1_258' title='bbox 1551 3168 1665 3231; x_wconf 90' lang='lat' dir='ltr'>per</span> <span class='ocrx_word' id='word_1_259' title='bbox 1723 3147 1915 3210; x_wconf 87' lang='grc'><strong>111616</strong></span> <span class='ocrx_word' id='word_1_260' title='bbox 1974 3145 2250 3210; x_wconf 85' lang='lat' dir='ltr'>Francia</span> <span class='ocrx_word' id='word_1_261' title='bbox 2308 3143 2434 3209; x_wconf 87' lang='lat' dir='ltr'>alla</span> <span class='ocrx_word' id='word_1_262' title='bbox 2492 3144 2659 3227; x_wconf 88' lang='lat' dir='ltr'>lor0,</span> <span class='ocrx_word' id='word_1_263' title='bbox 2718 3151 2781 3210; x_wconf 88' lang='lat' dir='ltr'>et</span> <span class='ocrx_word' id='word_1_264' title='bbox 2825 3142 2941 3209; x_wconf 86' lang='lat' dir='ltr'>che</span> <span class='ocrx_word' id='word_1_265' title='bbox 3001 3166 3121 3209; x_wconf 92' lang='grc'>606</span> <span class='ocrx_word' id='word_1_266' title='bbox 3178 3143 3240 3208; x_wconf 91' lang='grc'>16</span> 
     </span>
     <span class='ocr_line' id='line_1_25' title="bbox 577 3250 3241 3340; baseline -0 -24"><span class='ocrx_word' id='word_1_267' title='bbox 577 3253 906 3316; x_wconf 79' lang='lat' dir='ltr'>occasione</span> <span class='ocrx_word' id='word_1_268' title='bbox 952 3250 1118 3317; x_wconf 89' lang='lat' dir='ltr'>della</span> <span class='ocrx_word' id='word_1_269' title='bbox 1164 3253 1400 3337; x_wconf 84' lang='lat' dir='ltr'>partita</span> <span class='ocrx_word' id='word_1_270' title='bbox 1447 3251 1549 3316; x_wconf 91' lang='lat' dir='ltr'>del</span> <span class='ocrx_word' id='word_1_271' title='bbox 1592 3251 1946 3339; x_wconf 87' lang='lat' dir='ltr'>almiraglio</span> <span class='ocrx_word' id='word_1_272' title='bbox 1992 3252 2072 3318; x_wconf 91' lang='lat' dir='ltr'>de</span> <span class='ocrx_word' id='word_1_273' title='bbox 2120 3254 2229 3340; x_wconf 88' lang='lat' dir='ltr'>qui</span> <span class='ocrx_word' id='word_1_274' title='bbox 2275 3253 2334 3316; x_wconf 91' lang='grc'>61</span> <span class='ocrx_word' id='word_1_275' title='bbox 2380 3253 2552 3316; x_wconf 88' lang='grc'><strong>61660</strong></span> <span class='ocrx_word' id='word_1_276' title='bbox 2592 3252 2730 3316; x_wconf 85' lang='lat' dir='ltr'>satti</span> <span class='ocrx_word' id='word_1_277' title='bbox 2778 3252 3034 3316; x_wconf 88' lang='lat' dir='ltr'>innanzi</span> <span class='ocrx_word' id='word_1_278' title='bbox 3064 3258 3241 3316; x_wconf 83' lang='lat' dir='ltr'>tanto</span> 
     </span>
     <span class='ocr_line' id='line_1_26' title="bbox 487 3356 3243 3447; baseline 0.001 -27"><span class='ocrx_word' id='word_1_279' title='bbox 487 3368 556 3423; x_wconf 81' lang='lat'>25</span> <span class='ocrx_word' id='word_1_280' title='bbox 578 3361 689 3447; x_wconf 70' lang='lat' dir='ltr'>pin</span> <span class='ocrx_word' id='word_1_281' title='bbox 736 3366 800 3423; x_wconf 82' lang='lat' dir='ltr'>et</span> <span class='ocrx_word' id='word_1_282' title='bbox 845 3356 1122 3423; x_wconf 87' lang='lat' dir='ltr'>habbino</span> <span class='ocrx_word' id='word_1_283' title='bbox 1170 3360 1327 3424; x_wconf 87' lang='lat' dir='ltr'>fatto</span> <span class='ocrx_word' id='word_1_284' title='bbox 1373 3360 1585 3424; x_wconf 90' lang='lat' dir='ltr'>animo</span> <span class='ocrx_word' id='word_1_285' title='bbox 1631 3358 1692 3424; x_wconf 91' lang='lat' dir='ltr'>al</span> <span class='ocrx_word' id='word_1_286' title='bbox 1739 3383 1807 3425; x_wconf 91' lang='lat' dir='ltr'>re</span> <span class='ocrx_word' id='word_1_287' title='bbox 1852 3367 1915 3425; x_wconf 88' lang='lat' dir='ltr'>et</span> <span class='ocrx_word' id='word_1_288' title='bbox 1971 3358 2338 3446; x_wconf 83' lang='lat' dir='ltr'>promessoli</span> <span class='ocrx_word' id='word_1_289' title='bbox 2399 3360 2547 3444; x_wconf 85' lang='lat' dir='ltr'>ogni</span> <span class='ocrx_word' id='word_1_290' title='bbox 2605 3360 2805 3426; x_wconf 86' lang='lat' dir='ltr'>aiut0.</span> <span class='ocrx_word' id='word_1_291' title='bbox 2834 3381 2950 3445; x_wconf 92' lang='lat' dir='ltr'>per</span> <span class='ocrx_word' id='word_1_292' title='bbox 3005 3357 3070 3422; x_wconf 88' lang='grc'>16</span> <span class='ocrx_word' id='word_1_293' title='bbox 3128 3381 3243 3423; x_wconf 87' lang='grc'>666</span> 
     </span>
     <span class='ocr_line' id='line_1_27' title="bbox 578 3464 3242 3552; baseline -0.001 -19"><span class='ocrx_word' id='word_1_294' title='bbox 578 3467 972 3552; x_wconf 77' lang='lat' dir='ltr'>defensione3</span> <span class='ocrx_word' id='word_1_295' title='bbox 1033 3466 1149 3531; x_wconf 91' lang='grc'><strong>6116</strong></span> <span class='ocrx_word' id='word_1_296' title='bbox 1195 3465 1237 3530; x_wconf 89' lang='grc'>11</span> <span class='ocrx_word' id='word_1_297' title='bbox 1300 3464 1578 3531; x_wconf 87' lang='lat' dir='ltr'>habbino</span> <span class='ocrx_word' id='word_1_298' title='bbox 1636 3468 1826 3532; x_wconf 82' lang='lat' dir='ltr'>etiam</span> <span class='ocrx_word' id='word_1_299' title='bbox 1887 3469 2045 3532; x_wconf 83' lang='lat' dir='ltr'>fatto</span> <span class='ocrx_word' id='word_1_300' title='bbox 2106 3466 2429 3532; x_wconf 86' lang='lat' dir='ltr'>intendere</span> <span class='ocrx_word' id='word_1_301' title='bbox 2491 3466 2533 3530; x_wconf 87' lang='lat' dir='ltr'>li</span> <span class='ocrx_word' id='word_1_302' title='bbox 2579 3466 2877 3552; x_wconf 86' lang='lat' dir='ltr'>maneggi</span> <span class='ocrx_word' id='word_1_303' title='bbox 2935 3465 3070 3530; x_wconf 90' lang='lat' dir='ltr'>loro</span> <span class='ocrx_word' id='word_1_304' title='bbox 3127 3488 3242 3551; x_wconf 90' lang='lat' dir='ltr'>per</span> 
     </span>
     <span class='ocr_line' id='line_1_28' title="bbox 576 3572 3243 3658; baseline -0 -20"><span class='ocrx_word' id='word_1_305' title='bbox 576 3574 758 3638; x_wconf 89' lang='lat' dir='ltr'>unire</span> <span class='ocrx_word' id='word_1_306' title='bbox 804 3580 967 3638; x_wconf 86' lang='lat' dir='ltr'>tutta</span> <span class='ocrx_word' id='word_1_307' title='bbox 1011 3572 1075 3638; x_wconf 86' lang='lat' dir='ltr'>la</span> <span class='ocrx_word' id='word_1_308' title='bbox 1119 3573 1491 3657; x_wconf 85' lang='lat' dir='ltr'>Germania,</span> <span class='ocrx_word' id='word_1_309' title='bbox 1538 3573 1808 3639; x_wconf 85' lang='lat' dir='ltr'>secondo</span> <span class='ocrx_word' id='word_1_310' title='bbox 1869 3573 1985 3639; x_wconf 88' lang='lat' dir='ltr'>che</span> <span class='ocrx_word' id='word_1_311' title='bbox 2043 3575 2223 3638; x_wconf 81' lang='lat' dir='ltr'>avisa</span> <span class='ocrx_word' id='word_1_312' title='bbox 2284 3572 2327 3637; x_wconf 89' lang='lat' dir='ltr'>il</span> <span class='ocrx_word' id='word_1_313' title='bbox 2387 3573 2710 3639; x_wconf 81' lang='lat' dir='ltr'>cardinale</span> <span class='ocrx_word' id='word_1_314' title='bbox 2768 3572 3123 3658; x_wconf 83' lang='lat' dir='ltr'>d’Augusta</span> <span class='ocrx_word' id='word_1_315' title='bbox 3179 3581 3243 3637; x_wconf 85' lang='lat' dir='ltr'>et</span> 
     </span>
     <span class='ocr_line' id='line_1_29' title="bbox 578 3679 3244 3767; baseline 0 -22"><span class='ocrx_word' id='word_1_316' title='bbox 578 3680 742 3745; x_wconf 78' lang='lat' dir='ltr'>disee</span> <span class='ocrx_word' id='word_1_317' title='bbox 788 3680 835 3745; x_wconf 92' lang='lat' dir='ltr'>il</span> <span class='ocrx_word' id='word_1_318' title='bbox 880 3680 1165 3767; x_wconf 85' lang='lat' dir='ltr'>predetto</span> <span class='ocrx_word' id='word_1_319' title='bbox 1212 3679 1658 3746; x_wconf 79' lang='lat' dir='ltr'>imbasciatore</span> <span class='ocrx_word' id='word_1_320' title='bbox 1703 3682 1899 3747; x_wconf 88' lang='lat' dir='ltr'>molto</span> <span class='ocrx_word' id='word_1_321' title='bbox 1946 3682 2572 3748; x_wconf 84' lang='lat' dir='ltr'>affirmativamente:</span> <span class='ocrx_word' id='word_1_322' title='bbox 2633 3680 2843 3745; x_wconf 90' lang='lat' dir='ltr'>donde</span> <span class='ocrx_word' id='word_1_323' title='bbox 2902 3681 3009 3767; x_wconf 89' lang='lat' dir='ltr'>poi</span> <span class='ocrx_word' id='word_1_324' title='bbox 3055 3702 3244 3767; x_wconf 81' lang='lat' dir='ltr'>possa</span> 
     </span>
     <span class='ocr_line' id='line_1_30' title="bbox 576 3786 3242 3875; baseline -0 -23"><span class='ocrx_word' id='word_1_325' title='bbox 576 3810 748 3853; x_wconf 89' lang='grc'><strong>66661</strong></span> <span class='ocrx_word' id='word_1_326' title='bbox 809 3795 958 3853; x_wconf 83' lang='grc'><strong>6610</strong></span> <span class='ocrx_word' id='word_1_327' title='bbox 1018 3787 1135 3853; x_wconf 88' lang='grc'><strong>6116</strong></span> <span class='ocrx_word' id='word_1_328' title='bbox 1193 3788 1325 3855; x_wconf 87' lang='lat' dir='ltr'>Sua</span> <span class='ocrx_word' id='word_1_329' title='bbox 1370 3788 1615 3853; x_wconf 67' lang='lat' dir='ltr'>Maesta</span> <span class='ocrx_word' id='word_1_330' title='bbox 1660 3788 1943 3854; x_wconf 67' lang='grc' dir='ltr'>(3111161ιιιιι</span> <span class='ocrx_word' id='word_1_331' title='bbox 2001 3811 2128 3853; x_wconf 89' lang='grc'>606</span> <span class='ocrx_word' id='word_1_332' title='bbox 2191 3789 2243 3853; x_wconf 89' lang='grc'>61</span> <span class='ocrx_word' id='word_1_333' title='bbox 2302 3790 2398 3853; x_wconf 88' lang='grc'>616</span> <span class='ocrx_word' id='word_1_334' title='bbox 2453 3795 2827 3875; x_wconf 75' lang='lat' dir='ltr'>epaventata</span> <span class='ocrx_word' id='word_1_335' title='bbox 2887 3786 3053 3853; x_wconf 85' lang='lat' dir='ltr'>della</span> <span class='ocrx_word' id='word_1_336' title='bbox 3110 3809 3242 3852; x_wconf 90' lang='lat' dir='ltr'>am-</span> 
     </span>
     <span class='ocr_line' id='line_1_31' title="bbox 487 3894 3241 3983; baseline 0 -25"><span class='ocrx_word' id='word_1_337' title='bbox 487 3894 863 3961; x_wconf 82' lang='lat' dir='ltr'>30basciata</span> <span class='ocrx_word' id='word_1_338' title='bbox 908 3895 1009 3960; x_wconf 92' lang='lat' dir='ltr'>del</span> <span class='ocrx_word' id='word_1_339' title='bbox 1056 3895 1254 3983; x_wconf 83' lang='lat' dir='ltr'>padre</span> <span class='ocrx_word' id='word_1_340' title='bbox 1299 3895 1586 3961; x_wconf 80' lang='lat' dir='ltr'>Gueman</span> <span class='ocrx_word' id='word_1_341' title='bbox 1633 3905 1698 3961; x_wconf 85' lang='lat' dir='ltr'>et</span> <span class='ocrx_word' id='word_1_342' title='bbox 1741 3894 1979 3961; x_wconf 86' lang='lat' dir='ltr'>habbia</span> <span class='ocrx_word' id='word_1_343' title='bbox 2022 3898 2290 3983; x_wconf 81' lang='lat' dir='ltr'>risposto</span> <span class='ocrx_word' id='word_1_344' title='bbox 2337 3918 2516 3960; x_wconf 92' lang='lat' dir='ltr'>come</span> <span class='ocrx_word' id='word_1_345' title='bbox 2560 3897 2667 3982; x_wconf 76' lang='lat' dir='ltr'>gia</span> <span class='ocrx_word' id='word_1_346' title='bbox 2710 3904 2961 3959; x_wconf 89' lang='lat' dir='ltr'>tenemo</span> <span class='ocrx_word' id='word_1_347' title='bbox 3008 3896 3241 3978; x_wconf 84' lang='lat' dir='ltr'>scritto,</span> 
     </span>
     <span class='ocr_line' id='line_1_32' title="bbox 577 4000 3244 4091; baseline -0.001 -22"><span class='ocrx_word' id='word_1_348' title='bbox 577 4009 639 4069; x_wconf 90' lang='grc'>61</span> <span class='ocrx_word' id='word_1_349' title='bbox 683 4025 810 4068; x_wconf 88' lang='grc'>606</span> <span class='ocrx_word' id='word_1_350' title='bbox 857 4004 908 4068; x_wconf 87' lang='grc'>61</span> <span class='ocrx_word' id='word_1_351' title='bbox 955 4004 1048 4068; x_wconf 87' lang='grc'>616</span> <span class='ocrx_word' id='word_1_352' title='bbox 1100 4009 1343 4069; x_wconf 83' lang='lat' dir='ltr'>mutato</span> <span class='ocrx_word' id='word_1_353' title='bbox 1402 4011 1600 4091; x_wconf 85' lang='lat' dir='ltr'>punto</span> <span class='ocrx_word' id='word_1_354' title='bbox 1659 4003 1825 4069; x_wconf 84' lang='lat' dir='ltr'>della</span> <span class='ocrx_word' id='word_1_355' title='bbox 1867 4004 2078 4090; x_wconf 88' lang='lat' dir='ltr'>prima</span> <span class='ocrx_word' id='word_1_356' title='bbox 2124 4004 2463 4090; x_wconf 90' lang='lat' dir='ltr'>oppinione</span> <span class='ocrx_word' id='word_1_357' title='bbox 2508 4002 2574 4067; x_wconf 91' lang='lat' dir='ltr'>di</span> <span class='ocrx_word' id='word_1_358' title='bbox 2620 4026 2748 4068; x_wconf 90' lang='lat' dir='ltr'>non</span> <span class='ocrx_word' id='word_1_359' title='bbox 2794 4000 2971 4068; x_wconf 88' lang='lat' dir='ltr'>voler</span> <span class='ocrx_word' id='word_1_360' title='bbox 3014 4001 3244 4066; x_wconf 88' lang='grc'><strong>1666161</strong></span> 
     </span>
     <span class='ocr_line' id='line_1_33' title="bbox 576 4108 3240 4198; baseline -0 -24"><span class='ocrx_word' id='word_1_361' title='bbox 576 4110 925 4176; x_wconf 89' lang='lat' dir='ltr'>Piemonte.</span> <span class='ocrx_word' id='word_1_362' title='bbox 1029 4111 1096 4175; x_wconf 89' lang='lat' dir='ltr'>in</span> <span class='ocrx_word' id='word_1_363' title='bbox 1158 4110 1275 4176; x_wconf 90' lang='lat' dir='ltr'>che</span> <span class='ocrx_word' id='word_1_364' title='bbox 1332 4109 1374 4175; x_wconf 88' lang='lat' dir='ltr'>il</span> <span class='ocrx_word' id='word_1_365' title='bbox 1436 4111 1724 4198; x_wconf 85' lang='lat' dir='ltr'>predetto</span> <span class='ocrx_word' id='word_1_366' title='bbox 1794 4110 2237 4176; x_wconf 82' lang='lat' dir='ltr'>imbasciatore</span> <span class='ocrx_word' id='word_1_367' title='bbox 2304 4111 2353 4174; x_wconf 83' lang='lat' dir='ltr'>si</span> <span class='ocrx_word' id='word_1_368' title='bbox 2425 4108 2617 4174; x_wconf 82' lang='grc' dir='ltr'><strong>16661ὸ</strong></span> <span class='ocrx_word' id='word_1_369' title='bbox 2685 4109 3011 4175; x_wconf 86' lang='lat' dir='ltr'>intendere</span> <span class='ocrx_word' id='word_1_370' title='bbox 3079 4110 3240 4174; x_wconf 78' lang='lat' dir='ltr'>assai</span> 
     </span>
     <span class='ocr_line' id='line_1_34' title="bbox 576 4217 3243 4303; baseline 0 -22"><span class='ocrx_word' id='word_1_371' title='bbox 576 4217 1021 4298; x_wconf 83' lang='lat' dir='ltr'>chiaramente,</span> <span class='ocrx_word' id='word_1_372' title='bbox 1067 4218 1446 4283; x_wconf 88' lang='lat' dir='ltr'>affirmando</span> <span class='ocrx_word' id='word_1_373' title='bbox 1492 4226 1554 4282; x_wconf 85' lang='lat' dir='ltr'>et</span> <span class='ocrx_word' id='word_1_374' title='bbox 1611 4218 1923 4303; x_wconf 86' lang='lat' dir='ltr'>giurando</span> <span class='ocrx_word' id='word_1_375' title='bbox 1984 4217 2098 4283; x_wconf 89' lang='lat' dir='ltr'>che</span> <span class='ocrx_word' id='word_1_376' title='bbox 2161 4217 2208 4281; x_wconf 90' lang='lat' dir='ltr'>il</span> <span class='ocrx_word' id='word_1_377' title='bbox 2249 4240 2320 4282; x_wconf 90' lang='lat' dir='ltr'>re</span> <span class='ocrx_word' id='word_1_378' title='bbox 2382 4240 2494 4282; x_wconf 85' lang='lat' dir='ltr'>suo</span> <span class='ocrx_word' id='word_1_379' title='bbox 2555 4239 2682 4282; x_wconf 88' lang='grc'>606</span> <span class='ocrx_word' id='word_1_380' title='bbox 2744 4217 3077 4282; x_wconf 84' lang='lat' dir='ltr'>mandaria</span> <span class='ocrx_word' id='word_1_381' title='bbox 3135 4218 3243 4303; x_wconf 89' lang='lat' dir='ltr'>qui</span> 
     </span>
     <span class='ocr_line' id='line_1_35' title="bbox 578 4322 3241 4412; baseline 0 -24"><span class='ocrx_word' id='word_1_382' title='bbox 578 4326 706 4389; x_wconf 88' lang='lat' dir='ltr'>mai</span> <span class='ocrx_word' id='word_1_383' title='bbox 750 4327 865 4411; x_wconf 68' lang='lat' dir='ltr'>pin</span> <span class='ocrx_word' id='word_1_384' title='bbox 911 4347 1025 4412; x_wconf 91' lang='lat' dir='ltr'>per</span> <span class='ocrx_word' id='word_1_385' title='bbox 1070 4331 1290 4411; x_wconf 80' lang='lat' dir='ltr'>questo</span> <span class='ocrx_word' id='word_1_386' title='bbox 1322 4332 1507 4391; x_wconf 91' lang='lat' dir='ltr'>conto</span> <span class='ocrx_word' id='word_1_387' title='bbox 1539 4324 1705 4391; x_wconf 85' lang='lat' dir='ltr'>della</span> <span class='ocrx_word' id='word_1_388' title='bbox 1733 4348 1891 4412; x_wconf 85' lang='lat' dir='ltr'>pace</span> <span class='ocrx_word' id='word_1_389' title='bbox 1920 4326 2001 4389; x_wconf 75' lang='lat' dir='ltr'>ne</span> <span class='ocrx_word' id='word_1_390' title='bbox 2034 4347 2236 4390; x_wconf 83' lang='lat' dir='ltr'>messo</span> <span class='ocrx_word' id='word_1_391' title='bbox 2268 4326 2348 4388; x_wconf 78' lang='grc'>66</span> <span class='ocrx_word' id='word_1_392' title='bbox 2381 4323 2787 4408; x_wconf 82' lang='lat' dir='ltr'>ambasciata,</span> <span class='ocrx_word' id='word_1_393' title='bbox 2829 4324 3158 4410; x_wconf 86' lang='lat' dir='ltr'>parendoli</span> <span class='ocrx_word' id='word_1_394' title='bbox 3187 4322 3241 4412; x_wconf 87' lang='lat' dir='ltr'>b)</span> 
     </span>
     <span class='ocr_line' id='line_1_36' title="bbox 488 4430 3243 4520; baseline 0.001 -26"><span class='ocrx_word' id='word_1_395' title='bbox 488 4439 557 4494; x_wconf 86' lang='lat'>35</span> <span class='ocrx_word' id='word_1_396' title='bbox 577 4430 776 4497; x_wconf 81' lang='lat' dir='ltr'>haver</span> <span class='ocrx_word' id='word_1_397' title='bbox 838 4433 996 4498; x_wconf 83' lang='lat' dir='ltr'>fatto</span> <span class='ocrx_word' id='word_1_398' title='bbox 1041 4456 1164 4518; x_wconf 90' lang='lat' dir='ltr'>pur</span> <span class='ocrx_word' id='word_1_399' title='bbox 1208 4441 1435 4520; x_wconf 87' lang='lat' dir='ltr'>troppo</span> <span class='ocrx_word' id='word_1_400' title='bbox 1491 4434 1557 4496; x_wconf 91' lang='lat' dir='ltr'>in</span> <span class='ocrx_word' id='word_1_401' title='bbox 1606 4441 1827 4520; x_wconf 84' lang='lat' dir='ltr'>questa</span> <span class='ocrx_word' id='word_1_402' title='bbox 1881 4439 2065 4518; x_wconf 85' lang='lat' dir='ltr'>parte</span> <span class='ocrx_word' id='word_1_403' title='bbox 2109 4439 2173 4498; x_wconf 84' lang='grc'>61</span> <span class='ocrx_word' id='word_1_404' title='bbox 2216 4440 2394 4497; x_wconf 80' lang='lat' dir='ltr'>tanto</span> <span class='ocrx_word' id='word_1_405' title='bbox 2440 4432 2556 4496; x_wconf 86' lang='lat' dir='ltr'>che</span> <span class='ocrx_word' id='word_1_406' title='bbox 2602 4433 2728 4496; x_wconf 89' lang='lat' dir='ltr'>tien</span> <span class='ocrx_word' id='word_1_407' title='bbox 2775 4453 2889 4518; x_wconf 87' lang='lat' dir='ltr'>per</span> <span class='ocrx_word' id='word_1_408' title='bbox 2947 4441 3117 4497; x_wconf 83' lang='lat' dir='ltr'>certo</span> <span class='ocrx_word' id='word_1_409' title='bbox 3176 4431 3243 4496; x_wconf 92' lang='lat' dir='ltr'>di</span> 
     </span>
     <span class='ocr_line' id='line_1_37' title="bbox 581 4538 3244 4626; baseline 0 -23"><span class='ocrx_word' id='word_1_410' title='bbox 581 4546 781 4605; x_wconf 83' lang='lat' dir='ltr'>restar</span> <span class='ocrx_word' id='word_1_411' title='bbox 811 4540 1218 4626; x_wconf 81' lang='lat' dir='ltr'>pagatissimo</span> <span class='ocrx_word' id='word_1_412' title='bbox 1265 4547 1328 4604; x_wconf 86' lang='lat' dir='ltr'>et</span> <span class='ocrx_word' id='word_1_413' title='bbox 1373 4562 1492 4605; x_wconf 85' lang='lat' dir='ltr'>con</span> <span class='ocrx_word' id='word_1_414' title='bbox 1524 4538 1651 4605; x_wconf 88' lang='lat' dir='ltr'>Dio</span> <span class='ocrx_word' id='word_1_415' title='bbox 1697 4548 1763 4605; x_wconf 84' lang='lat' dir='ltr'>et</span> <span class='ocrx_word' id='word_1_416' title='bbox 1806 4539 1924 4604; x_wconf 89' lang='lat' dir='ltr'>co&#39;l</span> <span class='ocrx_word' id='word_1_417' title='bbox 1970 4539 2207 4605; x_wconf 89' lang='lat' dir='ltr'>mundo</span> <span class='ocrx_word' id='word_1_418' title='bbox 2254 4540 2317 4605; x_wconf 92' lang='lat' dir='ltr'>di</span> <span class='ocrx_word' id='word_1_419' title='bbox 2350 4546 2513 4605; x_wconf 86' lang='lat' dir='ltr'>tutto</span> <span class='ocrx_word' id='word_1_420' title='bbox 2544 4538 2751 4626; x_wconf 90' lang='lat' dir='ltr'>quello</span> <span class='ocrx_word' id='word_1_421' title='bbox 2783 4538 2898 4604; x_wconf 88' lang='lat' dir='ltr'>che</span> <span class='ocrx_word' id='word_1_422' title='bbox 2931 4541 2981 4603; x_wconf 88' lang='grc'>61</span> <span class='ocrx_word' id='word_1_423' title='bbox 3013 4546 3244 4626; x_wconf 86' lang='lat' dir='ltr'>poteva</span> 
     </span>
    </p>
   </div>
   <div class='ocr_carea' id='block_1_5' title="bbox 575 4753 3239 4938">
    <p class='ocr_par' dir='ltr' id='par_1_9' title="bbox 575 4753 3239 4938">
     <span class='ocr_line' id='line_1_38' title="bbox 721 4754 953 4794; baseline 0 0"><span class='ocrx_word' id='word_1_424' title='bbox 721 4766 744 4794; x_wconf 87' lang='grc'>11</span> <span class='ocrx_word' id='word_1_425' title='bbox 795 4754 867 4793; x_wconf 78' lang='lat' dir='ltr'>Clu·</span> <span class='ocrx_word' id='word_1_426' title='bbox 898 4763 953 4794; x_wconf 79' lang='lat' dir='ltr'>er.</span> 
     </span>
     <span class='ocr_line' id='line_1_39' title="bbox 719 4753 3239 4877; baseline 0.001 -14"><span class='ocrx_word' id='word_1_427' title='bbox 719 4756 764 4874; x_wconf 55' lang='lat' dir='ltr'>b}</span> <span class='ocrx_word' id='word_1_428' title='bbox 794 4753 904 4864; x_wconf 54' lang='lat' dir='ltr'>mega</span> <span class='ocrx_word' id='word_1_429' title='bbox 932 4825 1004 4864; x_wconf 76' lang='lat' dir='ltr'>der</span> <span class='ocrx_word' id='word_1_430' title='bbox 1029 4823 1506 4875; x_wconf 67' lang='lat' dir='ltr'>msamnmolninyendeu</span> <span class='ocrx_word' id='word_1_431' title='bbox 1531 4825 1702 4877; x_wconf 51' lang='grc' dir='ltr'>(Μίθρῃ</span> <span class='ocrx_word' id='word_1_432' title='bbox 1731 4826 1834 4865; x_wconf 79' lang='lat' dir='ltr'>doch</span> <span class='ocrx_word' id='word_1_433' title='bbox 1861 4824 1918 4867; x_wconf 72' lang='lat' dir='ltr'>iel</span> <span class='ocrx_word' id='word_1_434' title='bbox 1943 4827 2049 4866; x_wconf 79' lang='lat' dir='ltr'>auch</span> <span class='ocrx_word' id='word_1_435' title='bbox 2079 4825 2156 4866; x_wconf 71' lang='lat' dir='ltr'>dae</span> <span class='ocrx_word' id='word_1_436' title='bbox 2190 4823 2387 4876; x_wconf 69' lang='lat' dir='ltr'>Fozqende</span> <span class='ocrx_word' id='word_1_437' title='bbox 2413 4837 2486 4866; x_wconf 74' lang='lat' dir='ltr'>von</span> <span class='ocrx_word' id='word_1_438' title='bbox 2514 4826 2702 4877; x_wconf 72' lang='lat' dir='ltr'>lciuyereu</span> <span class='ocrx_word' id='word_1_439' title='bbox 2734 4824 2823 4865; x_wconf 73' lang='lat' dir='ltr'>med</span> <span class='ocrx_word' id='word_1_440' title='bbox 2849 4826 3043 4864; x_wconf 63' lang='lat' dir='ltr'>hirenen</span> <span class='ocrx_word' id='word_1_441' title='bbox 3069 4824 3239 4877; x_wconf 65' lang='lat' dir='ltr'>(maffer-</span> 
     </span>
     <span class='ocr_line' id='line_1_40' title="bbox 575 4895 994 4938; baseline 0 -2"><span class='ocrx_word' id='word_1_442' title='bbox 575 4895 718 4937; x_wconf 68' lang='lat' dir='ltr'>stenen</span> <span class='ocrx_word' id='word_1_443' title='bbox 747 4897 994 4938; x_wconf 64' lang='lat' dir='ltr'>‹iver-clasem.</span> 
     </span>
    </p>
   </div>
  </div>
 </body>
</html>
