3859 5575
1411 500 1509 564 No.
1547 509 1780 566 4*—5*:
1823 511 1962 566 1545
1995 497 2122 566 J'uni
2160 502 2352 567 7—28.
3106 498 3211 569 617

730 704 920 770 Circa
963 706 1026 770 la
1068 700 1296 792 guerra
1341 705 1408 770 di
1453 704 1726 771 Francia
1771 714 1837 770 et
1881 705 2331 791 d'Inghilterra
2392 729 2519 771 non
2574 706 2885 773 s'intende
2941 708 3101 772 altro
3149 707 3213 772 di
3288 712 3424 795 1545

552 834 765 878 nuovo
811 813 870 877 16
918 835 1044 878 11611
1090 813 1150 877 16
1194 812 1516 898 gagliarde
1563 815 1914 899 provisioni
1961 812 2110 878 dall’
2156 837 2281 879 una
2326 822 2392 878 et
2436 813 2640 880 l'altra
2684 823 2865 901 parte
2896 838 3013 901 per
3041 838 3214 880 mare
3252 781 3396 836 ‘Tum
3431 787 3465 836 ⁷

554 928 619 984 et
662 942 779 1007 per
821 930 1008 987 terra.

731 1027 790 1092 Il
836 1027 1135 1093 mandato
1182 1027 1351 1094 dalla
1407 1027 1778 1115 repubblica
1838 1026 2079 1094 Senese
2136 1029 2354 1094 levera
2411 1036 2633 1115 queste
2688 1031 2811 1093 mie
2870 1052 2986 1115 per
3028 1028 3135 1094 fin'
3180 1053 3218 1093 a

500 1152 534 1206 5
554 1135 821 1214 TrentO,
867 1134 1116 1201 tirando
1163 1135 1286 1220 egli
1333 1134 1456 1200 alla
1503 1135 1676 1200 volta
1721 1134 1786 1199 di
1834 1135 2080 1200 Milano
2124 1159 2239 1222 per
2282 1145 2650 1223 presentare
2696 1136 2919 1203 lettere
2975 1135 3039 1201 di
3088 1135 3217 1202 Sua

555 1241 810 1307 Maesta
855 1242 915 1306 al
960 1242 1317 1322 marchese,
1362 1242 1425 1306 al
1470 1242 1654 1328 quale
1701 1242 2207 1309 raccomandano
2267 1243 2325 1307 el
2385 1242 2667 1307 dominio
2727 1241 2792 1307 di
2842 1241 3019 1308 detta
3065 1245 3219 1308 citta

555 1371 678 1413 con
709 1347 1059 1436 provedere
1105 1350 1210 1413 alli
1245 1348 1594 1436 Spagnuoli
1641 1358 1706 1414 et
1750 1350 1979 1416 cavalli
2025 1352 2080 1414 si
2126 1359 2394 1415 trovano
2440 1352 2506 1415 in
2553 1349 2670 1416 su'l
2702 1350 2857 1429 lor0‚
2901 1350 3110 1415 talche
3155 1351 3217 1413 io

555 1464 746 1541 tengo
793 1456 908 1521 che
955 1455 1017 1521 la
1063 1454 1420 1543 speditione
1480 1479 1607 1521 non
1665 1459 1760 1521 sia
1817 1457 2013 1521 molto
2073 1479 2110 1522 a
2162 1458 2490 1545 proposito
2551 1480 2665 1544 per
2723 1459 2782 1522 el
2840 1457 3108 1543 bisogno
3155 1466 3220 1521 et

556 1563 877 1630 desiderio
924 1564 1061 1628 loro
1106 1601 1136 1613 -
1165 1601 1194 1612 -
1224 1602 1253 1613 -

473 1691 539 1745 10
733 1670 833 1735 Ne
879 1669 1224 1736 m'occorre
1272 1672 1433 1735 altro
1479 1669 1545 1735 <li
1590 1693 1804 1736 nuovo
1852 1693 1921 1735 se
1970 1694 2094 1736 non
2144 1671 2261 1736 che
2307 1670 2372 1736 di
2423 1670 2679 1758 Spagna
2740 1675 2797 1737 ci
2846 1695 2963 1737 son
3010 1671 3216 1737 advisi

556 1778 674 1843 che
722 1781 868 1844 tutti
918 1777 1111 1864 quelli
1157 1779 1334 1864 regni
1381 1780 1717 1864 patiscono
1748 1780 1914 1843 assai
1949 1778 2013 1843 di
2047 1778 2346 1844 formenti
2378 1801 2495 1865 per
2524 1780 2583 1844 el
2615 1778 2860 1844 defetto
2901 1778 2967 1844 di
2999 1802 3221 1865 acqua,

557 1894 624 1950 et
667 1888 942 1951 maxime
985 1885 1352 1971 Portogallo
1401 1894 1466 1950 et
1496 1884 1867 1966 Andalosia,
1914 1894 1978 1949 et
2024 1888 2076 1950 si
2127 1876 2416 1980 veggano
2462 1885 2791 1951 malissimi
2837 1885 3217 1972 apparecchi

557 1991 624 2056 di
668 1993 906 2059 ricolta.

688 2100 778 2165 Di
823 2099 1165 2168 Vormatia
1208 2099 1255 2164 il
1300 2098 1368 2164 di
1420 2110 1455 2167 7
1506 2099 1570 2164 di
1617 2101 1854 2185 giugno
1906 2107 2097 2166 1545.
3259 2113 3404 2168 Juni
3437 2117 3471 2169 7

469 2314 538 2368 15
558 2298 663 2365 5*.
739 2297 1023 2378 Bischof
1053 2316 1172 2363 von
1224 2294 1492 2362 Cortona
1507 2317 1530 2360 .·
1572 2294 1714 2361 Der
1759 2296 2099 2378 Reichstay
2143 2297 2282 2361 und
2323 2297 2433 2362 der
2471 2296 2892 2380 yleichzeitiye
2923 2297 3217 2363 Bundes-
3257 2308 3400 2365 Jum‘
3432 2311 3506 2363 28

557 2411 664 2487 tay
732 2405 844 2470 der
912 2403 1351 2470 Prote-stantem
1431 2404 1499 2467 in
1566 2403 1934 2468 Hannover.
2042 2403 2416 2487 Erkldruny
2483 2404 2599 2469 der
2658 2405 3222 2485 protestantischen

557 2511 997 2577 Kommissare
1054 2533 1161 2577 am
1216 2510 1557 2592 Reichstay
1610 2532 1796 2593 yeyen
1853 2511 1971 2575 das
2034 2510 2304 2589 Komai&
2366 2510 2708 2575 Annahme
2764 2511 2873 2576 des
2930 2511 3223 2577 letzteren

557 2618 753 2683 durch
810 2619 913 2683 die
969 2618 1371 2684 Katholiken.
1471 2617 1766 2699 Heftiycr
1833 2616 2274 2682 Wortwechsel
2327 2617 2632 2683 zwisalten
2687 2618 2907 2682 beiden
2975 2617 3222 2683 Teilen:

557 2724 1032 2809 Entscheiduny
1060 2728 1313 2808 verlay&
1363 2725 1671 2806 'Ankunti
1700 2725 1873 2791 eines
1891 2723 2258 2808 peluis-chen
2290 2724 2692 2803 &sanatam
2722 2725 2823 2791 die
2844 2725 3223 2808 meust-ischa

469 2849 541 2903 20
559 2835 786 2916 Fraye.
886 2833 1193 2899 Gerizchte
1245 2854 1366 2898 von
1420 2833 1896 2914 franzc‘isischen
1958 2832 2287 2897 Verlilsten
2331 2853 2450 2898 zur
2494 2829 2643 2912 See‚·
2700 2832 2917 2898 Pietro
2967 2832 3224 2898 Strozzi.

559 2941 734 3006 Eine
776 2939 1156 3025 unyarische
1201 2940 1539 3021 Botschaft
1588 2940 1809 3004 meldet
1855 2939 2170 3004 tilrkische
2216 2940 2650 3021 Beweyunyen
2691 2960 2887 3026 yeqen
2945 2939 3222 3022 Unyarn.

558 3047 698 3114 Ein
764 3046 1035 3113 Baseler
1100 3045 1393 3112 Drucker
1459 3047 1740 3111 wiinscht
1811 3045 2057 3112 Cosimo
2130 3045 2482 3128 empfohlen
2546 3067 2627 3112 zu
2694 3047 2956 3112 werden.
3062 3049 3227 3112 1545

559 3155 729 3221 Juni
774 3157 864 3221 28
921 3153 1185 3221 Worms.

703 3277 836 3335 eod.
874 3277 1018 3334 Med.
1058 3279 1200 3355 4303
1242 3277 1515 3349 Oriyiml,
1548 3282 1702 3346 prsis.
1740 3280 1775 3331 5
1810 3277 1948 3333 Juli.
1992 3307 2053 3316 —-
2094 3277 2372 3332 Erwc'ihnt
2408 3278 2543 3333 oben
2578 3277 2631 3332 S.
2670 3282 2792 3347 218,
2831 3283 2889 3346 1,-
2928 3282 3050 3348 219,
3087 3282 3140 3334 2.

472 3402 543 3456 25
739 3386 889 3451 Non
936 3388 990 3451 si
1037 3385 1332 3452 vedendo
1380 3388 1731 3472 comparire
1778 3386 2009 3451 alcuno
2056 3383 2121 3449 di
2168 3385 2376 3471 questi
2422 3387 2696 3471 principi
2741 3387 3041 3465 lutei-ani,
3087 3387 3225 3451 anzi

562 3491 859 3559 restando
906 3516 1096 3558 senza
1141 3513 1445 3579 speranza
1490 3492 1830 3559 c’horamai
1878 3492 2157 3558 debbino
2218 3494 2433 3558 venire
2447 3540 2465 3573 ,
2524 3514 2676 3578 pare
2722 3493 2840 3557 6116
2887 3493 2949 3558 16
2996 3496 3229 3580 part—ita

560 3608 778 3666 nostra
824 3599 888 3665 di
935 3622 1062 3687 qua
1106 3602 1162 3665 si
1208 3598 1376 3665 vada
1421 3599 1858 3680 sollecitandO,
1912 3607 1978 3664 et
2022 3599 2212 3665 credo
2259 3605 2401 3664 sara
2446 3621 2561 3686 per
2606 3623 2643 3665 a
2689 3622 2901 3665 mezzo
2949 3600 3007 3666 el
3052 3623 3224 3667 mese
3262 3576 3398 3703 gg}-

562 3709 810 3789 futui-0,
852 3707 1292 3793 giudicandosi
1340 3707 1459 3773 che
1504 3730 1633 3772 non
1677 3709 1850 3795 passi
1897 3729 2019 3773 con
2051 3706 2296 3794 dignita
2326 3706 2393 3771 di
2426 3706 2661 3772 Cesare
2709 3708 2768 3771 el
2814 3707 3226 3795 soprasedere

562 3817 672 3901 pin
704 3818 769 3879 in
800 3823 1026 3901 questo
1056 3815 1264 3901 luogo,
1310 3817 1583 3881 maxime
1630 3815 1747 3880 che
1795 3816 1956 3881 oltre
2004 3813 2109 3880 all’
2139 3814 2571 3880 inobedientia
2617 3814 2882 3880 c'hanno
2923 3823 3227 3881 mostrato

473 3924 818 3992 30inverso
864 3922 930 3988 di
976 3923 1093 4003 lui,
1123 3925 1506 4009 ''s'aggiugue
1552 3922 1670 3989 che
1718 3925 1782 3987 in
1828 3921 2122 4001 Novera,
2182 3922 2397 3987 lontan
2457 3921 2524 3987 di
2584 3924 2695 4009 qui
2740 3930 2825 3989 40
2871 3924 3086 4007 miglia
3131 3930 3225 4004 ζο-

562 4029 815 4111 desche,
862 4054 895 4095 e
943 4031 1174 4116 prefati
1236 4030 1573 4096 celebrano
1622 4054 1746 4095 una
1804 4030 1979 4096 dieta
2037 4030 2204 4095 infra
2264 4030 2328 4094 di
2389 4030 2541 4094 loro.
2648 4030 2709 4093 la
2768 4030 2913 4115 qual
2972 4052 3041 4095 se
3102 4030 3228 4096 ben

562 4141 711 4223 ogni
759 4160 923 4202 anno
970 4144 1004 4201 6
1049 4138 1236 4202 solita
1282 4138 1437 4203 farsi
1484 4160 1599 4224 per
1644 4160 1678 4202 e
1726 4137 2021 4222 collegati
2064 4136 2130 4202 di
2162 4135 2560 4218 Smacchald,
2606 4136 2989 4202 nondimeno
3036 4140 3229 4202 inter-

562 4244 925 4309 venendovi
970 4245 1182 4310 alcuni
1213 4245 1517 4310 Luterani
1563 4247 1582 4308 i
1630 4245 1798 4332 quali
1847 4266 1973 4309 non
2020 4267 2179 4310 sono
2225 4244 2293 4308 di
2340 4243 2549 4331 quella
2593 4244 2751 4329 lega,
2797 4247 2851 4311 si
2882 4244 3077 4310 rende
3124 4268 3229 4310 su-

563 4359 775 4436 spetta
821 4351 938 4416 che
985 4375 1110 4416 non
1169 4354 1524 4438 parturisca
1582 4352 1848 4438 qualche
1909 4352 2034 4416 mal
2097 4351 2334 4417 effettO.
2425 4360 2491 4416 et
2535 4352 2845 4417 ancorche
2892 4375 3020 4417 non
3067 4354 3127 4416 ci
3173 4354 3228 4416 si

475 4470 545 4524 35
565 4455 820 4522 vedessi
868 4458 1029 4523 altro
1076 4459 1191 4523 che
1239 4458 1299 4524 la
1343 4481 1507 4546 poca
1552 4462 1740 4524 stima
1795 4459 1912 4524 6116
1969 4459 2165 4523 fanno
2212 4461 2275 4523 in
2336 4459 2534 4524 havet
2578 4461 2787 4524 animo
2834 4459 2997 4543 sugli
3045 4458 3228 4524 occhi

564 4563 736 4629 d'un'
783 4565 940 4630 altra
986 4563 1158 4630 dieta
1214 4574 1279 4630 et
1324 4565 1387 4630 di
1438 4566 1675 4632 Cesare
1732 4567 2078 4632 convenire
2125 4568 2514 4630 unitamente
2570 4567 2634 4630 in
2681 4565 2919 4651 quella,
2977 4572 3011 4629 6
3073 4588 3229 4652 pure

565 4669 796 4737 d’assai
828 4672 1353 4754 consideratione,
1399 4672 1750 4739 vedendosi
1797 4682 1976 4738 tanto
2021 4673 2392 4759 scompiglio
2439 4681 2506 4737 et
2534 4672 2864 4738 disunione
2911 4674 2976 4736 in
3008 4681 3233 4757 questa

567 4778 906 4844 maledetta
937 4778 1298 4861 Germania,
1344 4780 1510 4846 dove
1558 4784 1706 4866 ogni
1752 4782 1975 4865 giorno
2022 4782 2073 4844 si
2124 4804 2207 4845 va
2252 4779 2316 4844 di
2365 4781 2528 4845 male
2578 4782 2640 4843 in
2672 4781 2932 4866 peggio=
2983 4778 3232 4865 perche,

565 4888 821 4973 quando
869 4890 921 4951 si
970 4910 1252 4974 pensava
1300 4889 1419 4954 che
1466 4911 1581 4975 per
1611 4890 1715 4953 via
1756 4887 1860 4955 del
1908 4889 2180 4953 concilio
2221 4890 2276 4952 ci
2321 4891 2373 4952 si
2423 4887 2693 4953 dovesse
2741 4909 3005 4973 porgere
3052 4888 3232 4974 qual-
