3859 5575
1515 440 1616 496 No,
1654 443 1748 497 29:
1788 440 1928 495 1545
1966 440 2075 495 Mai
2111 441 2197 495 22.
3089 439 3191 501 161

519 636 973 723 l’importantia
1019 636 1121 701 del
1167 637 1430 723 negocio
1476 636 1522 700 li
1568 639 1773 724 esposi
1820 638 1885 701 in
1932 638 2138 723 primo
2198 634 2336 701 loco
2398 634 2461 700 la
2517 658 2668 700 cosa
2725 635 2827 701 del
2873 637 3046 724 aprir
3090 636 3193 703 del
3275 647 3416 728 1545

521 742 822 826 concilio,
870 750 933 808 et
976 744 1181 808 toccai
1227 745 1371 808 tutti
1419 741 1462 807 li
1508 744 1693 829 punti
1738 742 1855 810 che
1899 742 1946 808 li
1995 744 2470 827 convenivano,
2526 751 2590 808 et
2639 744 2857 808 narrai
2901 742 2960 808 16
3004 765 3194 808 cause
3230 716 3362 771 Mffl
3379 720 3459 771 22

522 848 638 916 6116
682 848 971 914 haveano
1017 871 1225 916 mosso
1272 849 1403 915 Sua
1454 849 1701 915 Santita
1744 873 1785 916 a
1839 849 2069 937 pigliar
2131 858 2353 938 questa
2410 849 2784 916 resolutione
2842 849 2945 915 nel
3003 850 3193 915 modo

527 956 642 1021 che
687 957 741 1021 si
785 957 953 1021 resto
999 956 1061 1020 al
1107 957 1311 1043 partir
1357 957 1483 1020 mio
1531 954 1693 1021 delle
1738 956 1799 1022 8.
1847 956 1926 1021 V.
1973 957 2103 1021 Rm
2134 961 2201 1043 ¹).

463 1091 506 1145 5
700 1063 800 1127 La
843 1064 1117 1150 risposta
1161 1064 1229 1128 di
1275 1063 1407 1128 Sua
1453 1062 1700 1128 Maesta
1743 1063 1813 1128 fu
1858 1062 2009 1146 che,
2064 1064 2327 1129 essendo
2391 1086 2540 1129 cosa
2596 1063 2711 1130 che
2757 1063 2889 1130 Sua
2945 1064 3195 1130 Santita

523 1170 728 1236 havea
772 1171 930 1236 fatta
974 1179 1038 1235 et
1082 1178 1434 1237 convocata
1478 1171 1563 1236 da
1623 1193 1722 1254 se,
1780 1177 1845 1235 et
1889 1170 2155 1235 essendo
2212 1173 2477 1237 materia
2530 1178 2983 1258 appartenente
3028 1194 3069 1237 a
3113 1171 3194 1237 lei

523 1285 587 1345 et
628 1278 796 1343 della
840 1277 1026 1366 quale
1073 1277 1205 1344 Sua
1251 1278 1498 1342 Maesta
1543 1300 1670 1343 non
1718 1277 2113 1342 s'intendeva
2156 1279 2269 1365 piu
2314 1277 2432 1343 che
2476 1286 2653 1344 tanto
2698 1278 3019 1344 essendosi
3049 1280 3193 1344 stati

522 1385 698 1451 molti
745 1387 896 1450 anni
942 1408 1132 1450 senza
1177 1385 1376 1450 veder
1424 1384 1709 1467 66661116,
1756 1406 1885 1449 11611
1934 1383 1978 1448 li
2028 1407 2267 1471 pareva
2312 1385 2376 1449 di
2421 1393 2602 1472 poter
2647 1386 2747 1450 dir
2777 1387 2936 1451 altro
2968 1409 3034 1450 se
3066 1409 3192 1451 non

522 1494 952 1558 rimettersene
1009 1492 1071 1558 al
1130 1492 1400 1578 giuditio
1462 1490 1626 1557 della
1684 1491 1932 1557 Santita
1998 1491 2156 1572 Sua,
2215 1490 2537 1557 laudando
2581 1494 2734 1579 pero
2778 1493 2841 1558 la
2886 1492 3058 1558 bona
3100 1494 3194 1558 in·

435 1627 506 1681 10
524 1603 803 1665 tentione
850 1600 917 1665 di
962 1600 1094 1666 Sua
1142 1599 1392 1666 Santita
1436 1606 1502 1665 et
1545 1597 1982 1665 confirmando
2031 1619 2200 1662 esser
2244 1602 2593 1664 necessario
2624 1600 2724 1664 far
2754 1598 3021 1687 qualche
3052 1621 3193 1687 pro·

523 1708 766 1773 visione
812 1730 853 1772 a
898 1715 1117 1795 queste
1163 1707 1424 1791 heresis,
1471 1706 1707 1794 perche
1753 1727 1916 1792 poco
1950 1705 2067 1792 piu
2100 1704 2216 1771 che
2247 1707 2299 1769 si
2331 1714 2541 1790 stesse,
2572 1716 2636 1771 et
2666 1707 2896 1772 Nostro
2928 1707 3195 1793 Signore

525 1821 588 1879 et
632 1814 763 1879 Sua
809 1815 1054 1881 Maesta
1099 1813 1548 1882 haverebbono
1603 1813 1720 1879 che
1764 1814 1863 1877 far
1924 1835 2087 1900 poco
2147 1814 2211 1877 in
2259 1821 2480 1900 questa
2525 1816 2869 1900 provincia.
2960 1815 3194 1879 mostro

525 1921 592 1985 di
637 1922 736 1986 far
795 1920 1062 2009 qualche
1110 1922 1611 1987 consideratione
1665 1921 1781 1985 che
1837 1919 1880 1984 li
1928 1919 2172 2007 prelati,
2219 1922 2514 1985 massime
2560 1919 2640 1984 de
2685 1922 2777 1986 soi
2823 1922 3021 2006 regni,
3068 1944 3193 1986 non

524 2027 763 2093 fussero
810 2028 1090 2094 anchora
1137 2030 1482 2115 compami,
1541 2036 1606 2093 et
1649 2030 1714 2092 in
1772 2049 2020 2093 somma
2064 2049 2166 2093 me
2209 2028 2379 2093 ando
2422 2028 2846 2115 rispondendo
2893 2031 2960 2093 in
3004 2028 3194 2094 modo

437 2160 505 2214 15
525 2133 640 2200 che
684 2136 746 2200 io
793 2137 882 2200 mi
927 2137 1097 2222 potei
1141 2157 1477 2222 accorgere
1525 2134 1642 2199 che
1701 2157 1827 2199 non
1892 2156 2006 2199 era
2064 2134 2186 2199 ben
2247 2132 2519 2200 resoluto
2575 2157 2754 2200 come
2798 2136 2886 2199 mi
2931 2135 3194 2201 dovesse

524 2244 813 2308 satisfare
859 2265 898 2307 a
928 2250 1149 2331 questo
1182 2250 1399 2329 punt0‚
1449 2250 1625 2308 tanto
1657 2241 1774 2308 che
1803 2242 2157 2307 m'indusse
2186 2265 2227 2306 a
2258 2240 2403 2306 dirli
2432 2241 2548 2307 che
2580 2265 2645 2307 se
2677 2243 2806 2307 cosi
2837 2241 2882 2307 li
2912 2244 3195 2329 piscem,

524 2351 581 2415 ci
625 2359 860 2436 poteva
905 2372 1171 2436 pensare
1218 2372 1304 2413 un
1351 2371 1511 2436 poco
1558 2357 1622 2415 et
1678 2350 1785 2435 poi
1843 2351 2135 2415 sarmene
2200 2349 2336 2414 dire
2383 2348 2528 2437 quel
2573 2349 2689 2415 che
2734 2349 2779 2414 li
2823 2371 3196 2431 occorresse‚

522 2456 977 2522 advertendola
1022 2456 1138 2522 che
1186 2458 1358 2522 circa
1404 2456 1446 2520 il
1494 2458 1677 2521 venir
1733 2457 1813 2523 de
1875 2456 2106 2544 prelati
2165 2464 2385 2543 questo
2445 2466 2577 2522 atto
2623 2458 2764 2523 dell’
2813 2459 3023 2544 aprire
3067 2479 3196 2522 non

522 2562 610 2650 gli
654 2564 879 2629 faceva
922 2564 1405 2650 impedimento,
1461 2566 1603 2629 anzi
1661 2564 1707 2629 li
1766 2564 1937 2630 dava
1996 2571 2173 2630 tanto
2233 2565 2524 2650 maggior
2566 2567 2780 2629 animo
2827 2572 2891 2629 et
2935 2586 3197 2651 sperone

430 2670 586 2748 20al
645 2674 891 2752 venire,
951 2671 1241 2736 vedendo
1303 2670 1419 2736 che
1477 2673 1527 2736 si
1585 2672 1812 2736 faceva
1871 2671 2146 2754 daver03
2210 2680 2273 2736 et
2330 2671 2447 2736 che
2504 2671 2729 2737 inoltre
2775 2671 2906 2738 Sua
2952 2672 3198 2736 Maesta

523 2776 771 2843 haveva
817 2777 902 2844 da
946 2801 1167 2865 sapere
1216 2778 1331 2844 che
1376 2778 1548 2845 dalla
1590 2780 1936 2865 aperitione
1983 2778 2110 2845 alla
2156 2781 2364 2867 prima
2410 2780 2681 2844 sessione
2711 2780 2898 2845 etiam
2933 2802 3197 2844 correva

524 2886 822 2966 termine,
881 2893 946 2950 et
1003 2888 1132 2950 cosi
1194 2886 1364 2951 dalla
1421 2888 1630 2973 prima
1688 2885 1788 2951 all'
1849 2888 2043 2972 altra,
2100 2896 2275 2953 tanto
2334 2886 2449 2952 che
2507 2909 2634 2951 non
2681 2886 2727 2952 li
2770 2885 3196 2952 mancarebbe

525 2997 735 3077 tempo
783 2991 848 3056 di
893 2993 1128 3079 potersi
1176 3000 1433 3058 trovare
1479 2991 1600 3057 alle
1645 3015 1788 3058 cose
1836 2996 2218 3080 importanti.

703 3098 945 3179 Questo
991 3121 1186 3185 parve
1233 3099 1349 3164 che
1395 3097 1455 3164 lo
1502 3122 1788 3165 movesse
1833 3099 2138 3186 alquanto
2189 3110 2252 3165 et
2283 3103 2411 3166 cosi
2442 3102 2686 3167 accetto
2716 3099 2780 3164 la
2816 3100 3198 3165 commodita

429 3325 507 3380 25
525 3311 752 3381 wieder,
802 3314 906 3369 6116
954 3314 1005 3368 16
1042 3314 1279 3384 risposte
1329 3314 1434 3368 che
1482 3315 1848 3385 l’imperatore
1894 3315 1968 3367 mi
2008 3314 2083 3367 ha
2131 3313 2288 3381 date,
2333 3331 2441 3368 non
2477 3315 2632 3367 siano
2668 3320 2813 3369 state
2850 3331 2955 3368 6611
2990 3330 3195 3368 6111616·

524 3402 757 3468 volema,
796 3403 1139 3458 considerato
1177 3404 1232 3458 la
1269 3412 1469 3458 natura
1505 3421 1622 3472 sua,
1659 3420 1718 3457 se
1753 3402 1878 3457 ben'
1928 3404 2041 3457 alla
2079 3401 2230 3456 volta
2281 3409 2574 3456 mostrasse
2612 3403 2848 3473 qualche
2883 3399 3105 3471 gravita
3141 3413 3198 3457 et

524 3488 760 3546 seven-ita
797 3492 865 3556 (v.
904 3492 1133 3560 Druffel
1167 3491 1244 3546 II
1273 3493 1326 3547 S.
1366 3497 1474 3562 58).
1516 3521 1578 3531 —-
1619 3495 1708 3547 Im
1739 3510 1955 3561 yanzen
1991 3493 2124 3546 aber
2158 3492 2383 3546 urteilte
2421 3491 2665 3546 Fame-se
2704 3491 2858 3559 doch,
2895 3508 2954 3546 er
2990 3493 3069 3548 sci
3105 3492 3196 3546 nie

524 3579 698 3635 besser
735 3581 1156 3650 aufyenommen
1190 3583 1413 3638 worden
1450 3583 1532 3636 als
1570 3583 1738 3636 dieses
1775 3582 1930 3635 Mal:
1982 3581 2167 3634 hanno
2217 3579 2434 3651 suggite
2469 3581 2521 3634 le
2556 3597 2683 3634 cose
2718 3587 2940 3651 passate
2975 3589 3033 3634 et
3068 3581 3195 3651 ogni

526 3686 656 3724 cosa
692 3666 723 3723 ὲ
761 3688 994 3725 zuccaro
1030 3671 1102 3735 (v.
1142 3671 1364 3738 Druffel
1400 3690 1452 3724 a.
1492 3690 1541 3724 a.
1586 3669 1644 3724 Ο.
1683 3669 1736 3724 S.
1776 3673 1850 3723 57
1861 3670 1931 3736 f.)
1972 3700 2038 3708 —
2076 3669 2202 3722 und
2237 3669 2347 3722 den
2385 3669 2770 3737 Venetianern,
2809 3670 2898 3723 die
2924 3671 3037 3723 ihm
3064 3669 3196 3735 auf·

427 3770 508 3826 30
525 3764 813 3827 warteten,
863 3767 1018 3829 sayte
1055 3778 1142 3829 er,
1194 3762 1292 3815 der
1328 3760 1535 3815 Kaiser
1571 3760 1706 3814 habe
1751 3755 2057 3828 yedussert:
2108 3759 2211 3812 6116
2259 3776 2368 3812 11611
2418 3757 2722 3827 bisognava
2770 3756 2867 3828 piu
2912 3760 3097 3830 pat-lar
3140 3759 3196 3813 di

526 3864 653 3902 cose
707 3849 961 3916 vecchio,
1010 3867 1102 3904 ma
1144 3850 1503 3905 incominciar
1546 3866 1581 3903 a
1630 3848 1715 3902 far
1764 3847 1904 3902 libro
1956 3864 2095 3902 novo
2150 3847 2448 3914 (Gachard
2490 3865 2550 3916 p.
2597 3851 2704 3916 84,·
2758 3847 3032 3918 Depesche
3080 3867 3198 3904 vom

523 3939 598 3989 20
631 3937 799 4004 Mai).
889 3937 999 4006 Vyl.
1039 3940 1184 3993 auch
1233 3938 1504 3993 Coi-tonas
1550 3938 1782 3991 Bericht
1828 3954 1951 3991 vom
1986 3941 2077 3992 20.
2124 3938 2189 3990 in
2241 3937 2347 3992 den
2382 3937 2679 4006 Beilayen,
2723 3939 2883 3992 sowie
2936 3937 3041 3992 das
3084 3956 3198 3994 was

525 4024 771 4081 Fau-nese
807 4044 899 4080 am
937 4031 969 4080 1
1005 4028 1145 4096 Juli,
1186 4030 1272 4082 als
1307 4029 1423 4083 sich
1459 4027 1760 4095 allerdinys
1796 4028 1965 4081 sehon
2005 4027 2097 4082 die
2133 4027 2466 4096 Eryebnisse
2512 4026 2606 4082 des
2651 4027 2919 4082 Wormser
2955 4027 3196 4094 Aufent-

524 4114 668 4169 halts
703 4116 999 4170 abersehen
1037 4113 1234 4185 liessen,
1274 4135 1352 4171 cm
1390 4116 1496 4170 den
1533 4116 1787 4170 Nuntius
1829 4115 2039 4195 Poyyio
2077 4116 2142 4170 in
2178 4115 2428 4185 Spanien
2463 4117 2699 4171 6611νί611.-
2744 4117 2796 4170 io
2834 4117 2914 4171 fui
2953 4117 3198 4173 ricevuto

427 4203 600 4270 35da
627 4203 741 4258 Sua
769 4201 986 4258 Maesta
1022 4213 1079 4260 et
1115 4206 1187 4259 da
1224 4205 1357 4260 tutti
1397 4206 1541 4260 della
1578 4212 1730 4261 corte
1767 4211 1823 4259 et
1859 4205 1957 4258 dal
1995 4204 2167 4260 Sermo
2205 4222 2264 4259 re
2300 4206 2356 4259 di
2393 4206 2625 4260 Romani
2664 4224 2766 4262 con
2796 4206 2968 4261 favori
2997 4215 3196 4262 stt-aor-

525 4292 739 4358 dinarfi,
776 4300 933 4349 tanto
971 4296 1074 4349 che
1109 4311 1209 4366 per
1246 4296 1374 4366 quel
1413 4297 1517 4350 che
1553 4302 1774 4366 aspetta
1808 4295 1919 4349 alla
1948 4311 2185 4365 persona
2212 4296 2336 4362 mia,
2366 4296 2617 4350 confesso
2645 4297 3066 4367 ingenuamente
3094 4298 3197 4351 che

524 4381 580 4435 16
614 4380 950 4452 obligatione
987 4384 1090 4438 che
1130 4384 1180 4438 le
1218 4382 1330 4453 [sic
1346 4383 1396 4454 l]
1436 4385 1523 4450 ho,
1562 4401 1667 4438 non
1707 4385 1888 4455 potria
1925 4400 2109 4438 essere
2148 4386 2447 4455 maggiore‚
2484 4382 2554 4440 ne
2592 4386 2645 4439 io
2679 4385 2857 4456 potrei
2885 4402 3065 4440 essere
3100 4382 3196 4455 piu

525 4478 784 4526 contento
821 4471 877 4525 di
915 4474 1098 4543 quello
1136 4475 1239 4529 che
1279 4474 1355 4528 mi
1393 4482 1549 4528 trovo
1585 4491 1685 4544 per
1720 4475 1775 4527 la
1811 4490 1942 4528 vera
1982 4474 2185 4529 unione
2222 4474 2327 4528 6116
2361 4491 2540 4546 veggo
2574 4476 2721 4530 intra
2758 4474 2872 4530 Sua
2898 4471 3115 4529 Maesta
3141 4481 3199 4529 et

525 4558 639 4614 Sua
674 4558 909 4615 Santita.
985 4562 1195 4617 Parma
1230 4562 1380 4619 Cart.
1420 4562 1585 4617 Farn.
1624 4563 1893 4632 Konzept.
1936 4594 2003 4602 —
2043 4564 2161 4618 Mit
2196 4569 2365 4618 etwas
2399 4565 2549 4618 mehr
2576 4564 2808 4619 Reserve
2834 4560 3055 4632 ‹iussem
3081 4564 3198 4618 sich

435 4663 498 4702 40
525 4648 748 4714 freilich
785 4650 874 4704 die
911 4669 1017 4706 aus
1054 4653 1160 4706 den
1194 4652 1434 4706 Kreisen
1470 4653 1564 4707 des
1600 4652 1830 4707 Kaisers
1865 4653 2245 4708 stammenden
2282 4653 2539 4707 Berichte
2588 4654 2712 4722 (vql.
2759 4652 3198 4707 Saint-Mauoeis

524 4756 577 4792 a.
608 4757 659 4793 a.
693 4739 787 4806 0.,·
821 4757 861 4795 s.
901 4742 1046 4796 auch
1082 4741 1138 4795 S.
1177 4744 1280 4795 165
1318 4742 1479 4796 Anm.
1515 4740 1597 4811 2).

671 4829 709 4896 ¹)
754 4829 867 4899 Vql.
906 4831 1040 4885 oben
1075 4848 1159 4886 ην.
1197 4835 1279 4886 21.

630 4936 1233 4986 Nuntiatum-boricius,
1264 4938 1381 4979 srste
1409 4937 1664 4989 Abteilnng‚
1694 4938 1769 4979 sd.
1793 4937 1912 4979 vm.
2700 4920 2764 4972 ll
