3859 5575
1101 464 1199 520 Nc.
1241 465 1471 521 6*—‘1*=
1512 465 1652 521 1545
1688 465 1992 537 September
2028 466 2483 521 25—November
2517 467 2604 522 28.
3078 462 3184 524 621

519 663 570 725 si
623 661 893 726 fet-mera
939 661 1063 726 alla
1107 670 1299 726 corte.
1377 662 1502 747 egli
1550 663 1585 726 3
1633 669 1868 728 venuto
1913 684 2030 749 per
2074 661 2344 727 Francia
2390 670 2455 727 et
2499 663 2643 728 dice
2689 663 2890 728 haver
2934 671 3185 727 trovato
3270 666 3408 717 1545

520 792 606 833 un
655 770 930 834 corriero
977 767 1083 834 del
1128 791 1195 833 re
1242 768 1343 833 ch'
1344 768 1597 835 andava
1640 772 1707 834 in
1755 769 2343 856 Constantinopoli,
2405 772 2658 856 pensasi
2717 792 2833 856 per
2877 769 2938 834 la
2982 779 3184 835 morte
3223 734 3344 805 '5²⁹⁸
3370 737 3443 789 2⁵

520 875 583 940 d'
586 876 864 955 OrlienS,
908 876 968 941 13
1000 878 1104 941 cui
1136 878 1422 963 essequie
1455 879 1509 941 si
1540 876 1738 941 fanno
1771 876 1964 961 hoggi
1996 878 2120 962 qui.
2196 876 2278 941 ha
2309 875 2459 941 dato
2490 877 2578 941 tal
2610 879 2886 942 corriero
2916 877 3185 962 qualche

521 982 937 1048 admiratione
984 1005 1021 1047 a
1067 985 1277 1069 questi
1322 986 1561 1069 signori
1607 1005 1722 1070 per
1762 1005 1890 1049 non
1936 983 2212 1048 n’essere
2259 986 2410 1049 stati
2455 984 2602 1048 fatti
2648 984 3076 1072 consapevoli.

468 1099 503 1152 5
698 1089 1198 1155 L’ambasciator
1242 1090 1688 1176 d’Inghilterra
1732 1092 1819 1155 mi
1881 1090 1948 1157 fa
2005 1089 2337 1156 intendere
2383 1090 2582 1156 haver
2626 1092 2866 1156 havuto
2912 1093 3185 1158 corriero

522 1220 561 1261 a
605 1204 822 1283 posta,
869 1197 911 1261 il
959 1197 1145 1283 quale
1191 1196 1258 1262 di
1307 1220 1467 1263 voce
1511 1198 1599 1283 gli
1644 1198 1930 1264 riferisce
1980 1220 2203 1284 sapere
2250 1207 2424 1263 certo
2469 1201 2534 1263 in
2582 1201 2830 1264 camino
2876 1199 3192 1279 l'esercito⁸

522 1303 840 1369 Francese
888 1307 1116 1369 essersi
1161 1306 1406 1370 ritirato
1465 1305 1549 1370 da
1604 1305 1926 1391 Bologna,
1988 1305 2289 1371 assaltato
2336 1306 2460 1371 alla
2518 1305 2680 1370 coda
2734 1306 2837 1371 dal
2884 1315 3074 1371 conte
3120 1305 3184 1370 di

523 1409 678 1476 Sore
710 1415 753 1494 ¹)
800 1434 920 1476 con
981 1412 1249 1497 qualche
1309 1414 1698 1493 occissione3
1759 1436 1862 1478 ma
1919 1436 2047 1477 non
2105 1414 2161 1478 si
2217 1414 2477 1479 verifica
2528 1415 2591 1478 la
2635 1421 2837 1479 morte
2884 1413 2947 1478 di
2996 1413 3188 1500 quelli

524 1518 642 1584 che
689 1541 804 1605 per
849 1517 1111 1584 l'ultime
1170 1520 1406 1600 scrissi‚
1451 1519 1692 1584 benche
1737 1542 1866 1585 non
1911 1520 1974 1584 lo
2034 1520 2268 1585 dicessi
2329 1542 2490 1586 anco
2537 1519 2641 1586 all'
2686 1520 2841 1585 hora
2885 1544 3000 1607 per
3040 1542 3188 1586 con-

436 1634 506 1687 10
526 1634 750 1690 stante.
827 1624 1142 1690 affermasi
1189 1626 1353 1692 bene
1397 1627 1461 1691 la
1505 1636 1707 1692 morte
1754 1625 1829 1691 di·
1865 1628 2232 1712 monsignor
2261 1625 2328 1691 di
2360 1626 2706 1694 Vandomo
2753 1626 2817 1692 di
2864 1637 3039 1694 certa
3075 1651 3190 1694 sua

528 1733 1011 1819 indispositione
1057 1756 1173 1820 per
1217 1733 1273 1798 31
1321 1733 1488 1799 duca
1532 1733 1925 1800 Ferrandina
1972 1772 2051 1783 --

704 1828 953 1918 Queste
996 1843 1170 1927 genti
1219 1841 1548 1907 alemanne
1595 1843 1648 1906 si
1696 1849 1922 1907 stanno
1968 1844 2221 1907 intorno
2267 1865 2306 1906 a
2336 1841 2737 1907 Confluentia
2783 1850 2865 1922 et,
2911 1842 3190 1907 secondo

527 1947 793 2014 intendo
855 1938 939 2013 da
996 1971 1271 2034 persona
1327 1951 1679 2029 autentica,
1737 1957 2015 2014 trattano
2075 1949 2136 2016 la
2192 1972 2348 2036 pace
2409 1956 2866 2014 secretamente
2925 1948 3092 2013 infra
3149 1947 3189 2012 ’l

530 2053 772 2119 Cristnw
818 2064 883 2119 et
912 2055 1313 2141 Inghiltena,
1358 2057 1533 2122 forse
1571 2056 1922 2122 dubitando
1970 2056 2087 2122 che
2120 2057 2356 2123 Cesare
2403 2079 2590 2143 presa
2634 2055 3012 2122 l'occasione
3042 2056 3192 2121 dell'

439 2169 506 2222 15
528 2184 699 2226 arme
745 2160 811 2226 di
858 2171 1081 2248 queste
1121 2162 1372 2229 Maesta
1419 2185 1545 2228 non
1592 2163 1805 2229 cerehi
1852 2162 1918 2227 di
1966 2164 2289 2250 castigarli
2337 2187 2464 2229 non
2506 2162 2801 2230 havendo
2848 2187 2887 2228 a
2930 2172 3194 2229 conten-

526 2267 674 2334 dere
722 2292 842 2334 con
891 2270 1035 2334 altri
1080 2273 1345 2357 potenti,
1391 2279 1456 2335 et
1502 2272 1712 2357 eglino
1760 2273 1813 2336 si
1861 2273 2205 2337 restassino
2251 2273 2419 2357 privi
2466 2269 2681 2358 d'ogni
2727 2269 3020 2351 sussidi0‚
3067 2293 3192 2335 non

526 2375 809 2463 potendo
854 2378 1162 2442 ricorrere
1222 2377 1302 2443 ad
1366 2378 1591 2445 alcuna
1654 2377 1719 2442 di
1779 2379 1916 2443 loro
1976 2378 2177 2443 sendo
2239 2378 2630 2464 ingombrate
2692 2376 2839 2443 nell'
2884 2380 3193 2443 interesse

525 2485 783 2570 proprio
830 2493 896 2548 et
940 2490 1077 2549 cosl
1117 2487 1498 2552 necessitate
1537 2488 1837 2552 ciascuna
1866 2484 2075 2551 d'esse
2107 2508 2144 2550 a
2174 2488 2553 2551 mantenersi
2598 2487 2711 2573 piu
2740 2493 2956 2572 presto
2988 2487 3193 2550 amico

530 2590 767 2656 Cesare
813 2592 931 2657 che
978 2599 1251 2658 costoro.

441 2702 513 2756 20
708 2698 807 2762 La
850 2701 1085 2785 partita
1129 2699 1299 2765 della
1328 2708 1504 2765 corte
1552 2722 1703 2786 pare
1750 2699 1868 2766 che
1900 2700 1956 2764 si
1990 2697 2155 2765 vada
2185 2697 2539 2764 differendo
2586 2700 2836 2764 almeno
2881 2721 2998 2786 per
3025 2707 3193 2764 tutto

532 2806 590 2869 el
635 2829 809 2872 mese
870 2807 1102 2873 futuro,
1193 2809 1257 2871 in
1316 2817 1542 2894 questo
1600 2830 1815 2872 mezzo
1871 2809 1931 2872 ci
1990 2813 2131 2872 sara
2172 2809 2539 2891 monsignor
2583 2806 2650 2871 di
2696 2806 3075 2886 Granvessa,
3135 2807 3193 2871 el
3237 2815 3355 2868 olet.

533 2913 718 2999 quale
765 2912 1076 2979 s'attende
1122 2916 1188 2978 in
1234 2915 1462 2993 breve,
1523 2923 1587 2979 et
1642 2914 1745 2979 all'
1792 2913 1950 2979 hora
2008 2916 2062 2980 si
2107 2919 2293 3001 potra
2337 2913 2492 2979 dare
2538 2913 2765 2979 adviso
2813 2912 2877 2978 di
2925 2912 3194 2999 qualche

533 3042 684 3085 cosa
729 3029 922 3086 certa.

709 3128 796 3192 Di
845 3127 1105 3192 Brussel
1151 3128 1197 3192 il
1243 3128 1313 3193 di
1363 3137 1443 3196 25
1493 3128 1560 3193 di
1607 3127 1950 3193 settembre
2001 3137 2189 3196 1545.
3232 3134 3353 3205 Spt.
3380 3139 3458 3191 25

445 3364 512 3417 ‘25
535 3361 633 3427 7*.
712 3359 898 3424 Bart.
966 3357 1273 3425 Concino:
1332 3361 1678 3443 Aufbruclz
1738 3362 1903 3426 nach
1962 3360 2022 3428 U
2020 3361 2210 3426 trecht
2253 3359 2698 3425 bevorstehend.
2790 3357 3197 3440 Herstelluny
3231 3368 3370 3423 Νου.
3398 3371 3477 3423 28

533 3468 641 3533 des
686 3468 978 3534 Kaisera
1072 3468 1365 3534 Abbruch
1411 3470 1524 3534 der
1570 3469 2101 3551 Verbandlunyen
2145 3469 2264 3532 mit
2306 3466 2733 3545 ffi·ankreich;
2779 3465 3043 3530 Abrcise
3089 3465 3201 3529 der
3277 3458 3286 3468 ’

546 3573 1023 3641 Unterhc'indler.
1115 3577 1325 3659 Enyes
1364 3576 1871 3641 Einvernehmen
1916 3577 2034 3640 mit
2062 3574 2367 3658 Enyland
2408 3571 2942 3638 wahrscheinlich.
3035 3572 3198 3635 Mit-

534 3682 849 3765 teilunyen
902 3683 1282 3749 Granvellas
1327 3705 1414 3747 cm
1459 3683 1578 3747 (len
1637 3682 2148 3748 Venetianischen
2198 3681 2557 3748 Gesandten
2606 3681 2758 3746 iiber
2802 3679 3200 3745 Frankreich

534 3790 672 3854 und
730 3790 832 3854 die
891 3789 1265 3874 Savoyische
1316 3790 1544 3873 Fraye.
1638 3788 2272 3871 Diensterbietunyen
2317 3787 2378 3853 J
2369 3788 2582 3852 oharm
2638 3786 3012 3852 Friedrich-3
3065 3787 3203 3850 und

446 3902 516 3955 30
535 3897 643 3962 des
686 3897 1111 3981 Landyrafen
1151 3919 1337 3981 yeyen
1386 3898 1505 3962 den
1552 3896 2074 3963 Kaiser.1545
2122 3895 2466 3961 November
2508 3897 2600 3960 28
2645 3895 3042 3976 Antwerpen.

679 4021 810 4077 Cod.
839 4022 983 4078 Med.
1013 4024 1156 4078 4305
1187 4021 1460 4093 Orz‘yinal,
1499 4023 1700 4093 einiyes
1736 4022 2009 4088 chiffriert
2045 4023 2144 4077 mit
2170 4021 2495 4089 Auflo‘eunq
2532 4019 2885 4075 dambor.—
2922 4019 3203 4075 Erwcihnt

748 4114 884 4168 oben
919 4113 976 4169 S.
1013 4116 1137 4181 448,
1172 4117 1244 4181 2,·
1280 4116 1402 4181 453,
1440 4116 1490 4167 4.

714 4220 1064 4285 Pensavasi
1109 4218 1279 4306 dopo
1325 4219 1586 4285 l'ultime
1635 4222 1759 4284 mie
1804 4219 1886 4284 de
1920 4227 2004 4286 23
2052 4218 2171 4283 che
2217 4218 2279 4282 13
2320 4223 2518 4302 gotta,
2563 4216 2712 4302 qual
2758 4218 3048 4302 pizicava
3078 4216 3203 4282 Ce-
3238 4226 3380 4282 Non.
3408 4230 3485 4281 23

538 4349 676 4391 sare
725 4329 791 4390 in
838 4349 963 4390 una
1006 4350 1226 4407 mam,
1283 4350 1318 4392 3
1364 4325 1406 4391 'l
1450 4328 1784 4412 maneggio
1843 4324 1910 4390 di
1971 4334 2192 4411 queste
2239 4324 2493 4390 Maesta
2537 4322 2852 4389 l’havesse
2899 4347 2937 4388 a
2981 4331 3202 4388 tratte-

447 4441 517 4494 35
536 4456 685 4498 nere
733 4436 797 4498 in
844 4443 1067 4518 questa
1112 4442 1280 4498 terra
1325 4434 1593 4520 qualche
1648 4436 1886 4519 giornO.
1979 4456 2082 4498 ma
2126 4434 2189 4497 la
2232 4432 2463 4519 partita
2509 4453 2625 4518 per
2670 4430 2918 4497 Utrech
2964 4437 2998 4495 3
3043 4433 3203 4496 riso-

537 4540 673 4606 luta
720 4542 779 4605 al
827 4549 1002 4606 certo
1049 4541 1109 4605 el
1156 4544 1360 4628 primo
1407 4541 1473 4606 di
1520 4540 1860 4623 dicembre,
1905 4540 2276 4605 trovandosi
2321 4538 2524 4604 libero
2571 4540 2637 4602 in
2683 4546 2849 4602 tutto
2897 4561 3025 4603 non
3065 4540 3202 4604 solo
3239 4547 3370 4602 Dee.
3401 4550 3434 4600 1

539 4647 645 4713 dal
692 4648 872 4728 male,
917 4672 1021 4714 ma
1067 4648 1237 4713 dalla
1266 4650 1636 4734 sospitione‚
1682 4657 1748 4713 et
1777 4671 1939 4714 anco
1972 4648 2029 4713 31
2070 4649 2405 4734 maneggio
2452 4667 2568 4733 per
2611 4646 2767 4710 hora
2810 4669 2963 4732 pare
3008 4647 3203 4725 finito,

552 4842 560 4850 ⁸
684 4865 723 4933 ¹)
760 4864 986 4934 Surrey.
