3859 5575
709 396 818 457 652
1271 399 1368 453 No.
1407 401 1709 454 24*—25*:
1753 401 1889 456 1545
1927 401 2209 454 Dezember
2245 401 2693 455 2-1546‘Mfirz
2733 402 2816 456 15.

500 596 638 647 1545
713 596 1070 681 principum
1120 593 1592 661 lutheranorum
1643 596 1957 661 Saxoniae
2004 604 2067 661 et
2114 594 2670 681 Lunenburgensis
2716 597 2948 661 ducum
2972 646 2988 678 ,
3035 595 3378 680 lantgravii

475 664 606 719 Dez'
636 669 674 719 2
713 702 978 767 Hassiae
1024 710 1086 766 et
1144 703 1298 766 alios
1345 702 1563 768 similis
1609 704 1881 785 farinae,
1943 701 2093 766 nihil
2142 726 2266 767 non
2327 710 2679 767 tentaturus
2726 713 2794 768 ut
2838 705 2971 789 ipse
3017 727 3162 767 cum
3208 727 3377 767 com-

710 808 979 894 plicibus
1024 808 1151 873 illic
1199 812 1516 874 communi
1566 819 1629 874 et
1672 809 1927 896 publico
1961 811 2164 896 patrie
2197 809 2450 874 decreto
2499 808 2897 874 declarentur
2942 809 3214 875 habendi
3260 834 3377 897 pro

710 915 987 1001 capitulo
1034 915 1214 981 nobis
1260 916 1551 1003 explosis.
1635 917 1802 1003 quod
1851 916 1960 981 ubi
2008 916 2327 981 effecerint
2372 916 2524 1003 quid
2574 924 2763 982 restet
2810 916 3053 998 videtis,
3100 919 3379 981 maxime

710 1025 760 1086 si
807 1022 932 1087 illie
977 1046 1228 1111 quoque
1288 1032 1541 1089 senatus
1587 1023 1946 1088 Nussiensis
1995 1022 2109 1088 R¹¹¹³
2171 1023 2410 1087 domini
2472 1025 2666 1088 nostri
2712 1023 3168 1110 archicpiscopi
3216 1025 3379 1088 votis
3434 1042 3475 1095 5

712 1131 1071 1195 satisfacere
1118 1139 1398 1217 cogatur.

890 1237 1239 1302 Tantorum
1288 1262 1436 1304 vero
1487 1237 1794 1304 malorum
1827 1239 2201 1324 gravissimo
2237 1246 2403 1303 metu
2436 1238 2682 1303 liberati
2714 1261 3010 1319 essemus,
3059 1238 3111 1301 si
3143 1237 3379 1302 Caesar

710 1367 887 1408 suam
937 1353 999 1408 et
1044 1345 1198 1408 R¹¹²¹¹⁸
1245 1348 1515 1410 nuncius
1560 1346 1780 1411 itidem
1827 1368 2003 1410 suam
2053 1347 2426 1410 sententiam
2474 1345 2786 1428 tulissent,
2843 1367 3001 1431 quas
3049 1345 3270 1432 RMU)
3315 1353 3378 1409 et

710 1453 987 1516 decanus
1033 1454 1362 1538 prevenire
1408 1452 1629 1518 volunt
1675 1461 1736 1517 et
1766 1450 1886 1517 hoc
1921 1452 2139 1516 saltem
2188 1452 2435 1517 efficere
2467 1462 2537 1516 ut
2568 1451 2766 1535 nobis,
2815 1450 3043 1538 quibus
3077 1451 3380 1516 hactenus

711 1582 810 1623 res
876 1559 1064 1623 modo
1135 1559 1253 1624 fuit
1311 1583 1455 1624 cum
1527 1561 1617 1624 eis
1675 1568 1737 1623 et
1799 1582 2016 1624 eorum
2078 1558 2518 1646 complicibuS,
2594 1557 2855 1645 posthac
2924 1560 3201 1645 experiri
3271 1558 3374 1623 de·
3402 1576 3471 1626 lo

711 1665 973 1729 beamus
1019 1687 1141 1728 non
1191 1667 1380 1731 modo
1427 1690 1570 1731 cum
1635 1668 1787 1752 ipsis
1845 1674 2034 1753 atque
2096 1666 2255 1731 adeo
2316 1665 2608 1730 omnibus
2668 1667 2854 1752 hujus
2914 1666 3230 1730 dioceseos
3277 1689 3375 1730 or-

711 1771 963 1836 dinibus
1022 1775 1212 1858 (quos
1271 1772 1456 1836 simul
1513 1795 1729 1836 omnes
1791 1773 2120 1837 confidunt
2180 1775 2243 1835 in
2303 1771 2425 1836 hac
2484 1772 2654 1835 dieta
2714 1773 2778 1835 in
2835 1796 2982 1836 suas
3037 1782 3252 1858 partes
3310 1796 3378 1837 se

711 1880 1198 1967 pertracturos),
1246 1879 1354 1943 sed
1403 1887 1465 1943 et
1511 1903 1655 1944 cum
1702 1880 2015 1944 universis
2060 1878 2602 1961 Protestantibus3
2656 1902 2801 1942 nam
2850 1887 2912 1943 et
2958 1878 3045 1943 hii
3077 1880 3378 1944 dicuntur

444 1991 575 2045 Dez-
609 1995 677 2044 13
721 1997 817 2053 13.
878 1986 1065 2072 hujus
1132 1989 1508 2051 conventuri
1577 1986 2143 2068 Frankofordiam,
2215 1985 2384 2050 haud
2454 1985 2716 2051 dubium
2787 1987 2867 2051 de
2938 1986 3059 2050 hac
3128 2009 3378 2073 quoque

710 2116 905 2157 causa
949 2092 1306 2158 consulturi.
3404 2109 3469 2161 15

890 2200 1062 2285 Ergo
1109 2224 1303 2287 quum
1364 2223 1555 2265 causa
1607 2202 1669 2265 in
1718 2202 2019 2265 extremis
2065 2200 2165 2286 (ut
2210 2200 2333 2264 dici
2382 2199 2562 2283 solet)
2608 2199 2869 2283 laboret,
2916 2224 2996 2265 ne
3043 2201 3378 2265 videamur

711 2305 921 2371 adhuc
967 2309 1421 2392 pretermittere
1482 2309 1853 2395 quicquam,
1913 2330 2039 2395 quo
2099 2330 2173 2372 ea
2231 2331 2394 2395 quae
2450 2308 2782 2371 imminent
2826 2307 2995 2371 mala
3040 2309 3089 2371 si
3139 2330 3261 2371 non
3311 2308 3375 2370 in

711 2423 909 2479 totum
960 2416 1172 2478 caveri
1220 2424 1471 2503 queant,
1519 2415 1736 2480 saltem
1787 2417 2187 2501 mitigentur:
2242 2416 2471 2479 iccirco
2520 2417 2791 2500 petimus
2838 2423 2908 2479 ut
2952 2413 3050 2479 his
3096 2422 3159 2479 et
3204 2415 3377 2500 apud

712 2520 1044 2586 Caesarem
1093 2532 1157 2587 et
1203 2522 1376 2608 apud
1424 2524 1724 2587 nuncium
1760 2521 2171 2608 apostolicum
2213 2521 2545 2606 diligenter
2591 2524 3096 2586 commemoratis
3144 2545 3377 2607 magno

710 2628 918 2693 studio
974 2630 1216 2693 instetis
1274 2638 1346 2694 ut
1405 2653 1567 2716 quae
1614 2653 1848 2715 magna
1894 2652 2038 2693 cum
2077 2631 2335 2716 jactura
2381 2627 2685 2693 hactenus
2731 2628 2923 2693 dilate
2968 2638 3143 2707 sunt,
3206 2653 3378 2693 nunc
3399 2644 3475 2694 20

710 2733 898 2801 semel
956 2735 1211 2800 tandem
1274 2743 1337 2801 et
1395 2738 1681 2823 protinus
1735 2736 2020 2800 ferantur
2077 2736 2379 2800 sententie
2425 2745 2488 2800 et
2533 2736 2680 2800 inde
2726 2758 2917 2822 quam
2966 2735 3100 2801 fieri
3148 2738 3381 2822 poterit

713 2845 999 2908 ocissime
1054 2867 1134 2909 ex
1192 2842 1482 2908 Caesaris
1541 2843 1839 2907 mandato
1899 2845 2311 2909 insinuentur.
2404 2845 2645 2908 interea
2702 2837 2884 2927 irero,
2946 2845 3097 2908 dum
3159 2847 3379 2908 rescri-

711 2949 892 3029 batis,
942 2949 1249 3014 stabimus
1295 2951 1502 3038 quoad
1553 2950 1684 3015 fieri
1731 2960 1939 3037 potest
1993 2974 2185 3036 supra
2230 2951 2574 3014 custodiam
2625 2959 2904 3014 nostram
2951 2959 3013 3015 et
3058 2949 3382 3015 tuebimur

710 3065 921 3142 partes
967 3056 1227 3122 ecclesie
1275 3080 1384 3144 spe
1430 3058 1690 3122 remedii
1740 3058 2050 3143 oportuni.
2144 3057 2251 3121 sed
2301 3080 2552 3121 necesse
2599 3065 2693 3121 est
2737 3069 2798 3122 et
2846 3057 2987 3145 plus
3033 3080 3224 3144 quam
3274 3081 3371 3121 ne—

711 3165 1081 3248 cessarium,
1130 3173 1200 3229 ut
1245 3165 1503 3246 videtis,
1553 3186 1631 3229 ne
1676 3164 1830 3229 illud
1879 3166 1943 3228 in
1993 3163 2187 3228 ullum
2238 3166 2494 3228 omnino
2540 3161 2789 3250 longius
2837 3173 3082 3250 tempus
3128 3163 3479 3230 differa-25

711 3278 827 3335 tur.
921 3271 1081 3335 bene
1128 3270 1350 3335 valete.

479 3384 609 3438 Dez.
639 3387 678 3437 2
895 3378 1132 3443 Datum
1181 3376 1299 3441 sub
1348 3377 1550 3464 sigillo
1597 3378 1856 3442 ecclesie
1903 3386 2112 3443 nostre
2162 3387 2195 3441 2
2247 3376 2600 3442 decembris
2646 3402 2812 3441 anno
2870 3388 3049 3446 1545.

2328 3484 2744 3549 Subdecanus
2788 3493 2851 3548 et
2896 3484 3242 3571 capitulum

2426 3591 2687 3656 ecclesie
2734 3591 3139 3657 Coloniensis.

1447 3858 1588 3925 Aus
1636 3859 1843 3945 Rom,
1893 3857 2231 3926 Archivio
2282 3857 2647 3925 Vaticano.

489 4023 628 4072 1546
714 4019 866 4087 25¹².
946 4021 1087 4083 Aus
1133 4021 1272 4084 dem
1318 4019 1884 4102 Konzilstayebuch
1932 4020 2039 4083 des
2086 4019 2328 4101 Anyelo
2376 4020 2779 4084 Massarelli:
2825 4021 3127 4101 Ankunft
3158 4021 3384 4085 Fran·
3409 4035 3485 4086 30

443 4093 582 4144 Mrz‘
614 4095 676 4144 1⁵
714 4149 911 4190 ees-cos
952 4128 1027 4190 de
1069 4126 1305 4191 Toledo.
1382 4128 1473 4191 M
1468 4126 1759 4191 assarelli
1803 4147 1886 4192 zu
1932 4127 2050 4190 den
2094 4126 2501 4191 Kardim'ikn
2536 4127 2811 4191 Paeheco
2858 4128 2994 4190 und
3020 4128 3388 4193 Mtdrnzzo

710 4235 987 4314 yesandt.
1095 4233 1525 4297 Vetirauliclw
1586 4234 1672 4297 M
1672 4235 1691 4296 ἱ
1695 4235 1802 4296 ttez·
1807 4233 2037 4314 lunyen
2097 4233 2203 4296 cles
2261 4233 2544 4298 Ietzteren
2558 4255 2578 4297 .·
2637 4234 2963 4298 erentwdle
3032 4233 3389 4318 Verleyuuy

715 4339 821 4401 des
864 4339 1134 4403 Konzils
1179 4340 1340 4403 uach
1396 4339 1856 4420 Dentsclclansl,
1915 4340 2219 4404 wabrensi
2281 4340 2624 4424 Verleyuny
2669 4342 2829 4405 nach
2878 4341 3114 4406 Italion
3161 4342 3389 4408 he‘nein

715 4445 822 4506 der
867 4445 1110 4508 Kaisar
1155 4447 1292 4508 und
1335 4448 1437 4508 die
1482 4447 1836 4510 Deutscleen
1891 4448 1998 4509 nie
2058 4448 2326 4528 zuyeben
2380 4450 2637 4513 werden.
2732 4449 3216 4531 1⁴⁷1·eiyiebiykee't
3278 4452 3391 4515 des

715 4550 986 4613 Kaisers
1027 4573 1214 4632 905]er
1259 4552 1647 4632 Madruzzae
1707 4555 1798 4619 W
1789 4554 1982 4616 unscle
2000 4605 2017 4631 ,
2078 4554 2210 4635 (last
2269 4556 2379 4619 der
2426 4556 2631 4637 Papst
2688 4557 2825 4620 dem
2873 4556 3166 4638 Beispiel
3201 4559 3392 4638 jenes
3414 4570 3488 4622 35

856 4801 897 4849 ι)
929 4800 1023 4838 Sce‘l.
1057 4800 1425 4851 archiepiscopus.
