<?xml version="1.0" encoding="UTF-8"?>
<!DOCTYPE html PUBLIC "-//W3C//DTD XHTML 1.0 Transitional//EN"
    "http://www.w3.org/TR/xhtml1/DTD/xhtml1-transitional.dtd">
<html xmlns="http://www.w3.org/1999/xhtml" xml:lang="en" lang="en">
 <head>
  <title>
</title>
<meta http-equiv="Content-Type" content="text/html;charset=utf-8" />
  <meta name='ocr-system' content='tesseract 3.04.00' />
  <meta name='ocr-capabilities' content='ocr_page ocr_carea ocr_par ocr_line ocrx_word'/>
</head>
<body>
  <div class='ocr_page' id='page_1' title='image "./nuntiaturberich01deugoog_0090.png"; bbox 0 0 3859 5575; ppageno 0'>
   <div class='ocr_carea' id='block_1_1' title="bbox 2942 0 3476 1">
    <p class='ocr_par' dir='ltr' id='par_1_1' title="bbox 2942 0 3476 1">
     <span class='ocr_line' id='line_1_1' title="bbox 2942 0 3476 1; baseline 0 0"><span class='ocrx_word' id='word_1_1' title='bbox 2942 0 3476 1; x_wconf 95' lang='lat' dir='ltr'><strong> </strong></span> 
     </span>
    </p>
   </div>
   <div class='ocr_carea' id='block_1_2' title="bbox 1432 438 3194 508">
    <p class='ocr_par' dir='ltr' id='par_1_2' title="bbox 1432 438 3194 508">
     <span class='ocr_line' id='line_1_2' title="bbox 1432 438 3194 508; baseline 0.002 -12"><span class='ocrx_word' id='word_1_2' title='bbox 1432 440 1531 496; x_wconf 90' lang='lat' dir='ltr'><strong>No.</strong></span> <span class='ocrx_word' id='word_1_3' title='bbox 1570 441 1630 497; x_wconf 78' lang='lat'><strong>4:</strong></span> <span class='ocrx_word' id='word_1_4' title='bbox 1670 441 1812 497; x_wconf 82' lang='lat'>1545</span> <span class='ocrx_word' id='word_1_5' title='bbox 1845 440 2077 496; x_wconf 84' lang='lat' dir='ltr'><strong>Februar</strong></span> <span class='ocrx_word' id='word_1_6' title='bbox 2112 441 2291 508; x_wconf 75' lang='grc'><em>27128.</em></span> <span class='ocrx_word' id='word_1_7' title='bbox 3122 438 3194 500; x_wconf 74' lang='grc'><strong>75</strong></span> 
     </span>
    </p>
   </div>
   <div class='ocr_carea' id='block_1_3' title="bbox 526 634 3381 725">
    <p class='ocr_par' dir='ltr' id='par_1_3' title="bbox 526 634 3381 725">
     <span class='ocr_line' id='line_1_3' title="bbox 526 634 3381 725; baseline 0 -24"><span class='ocrx_word' id='word_1_8' title='bbox 526 634 952 702; x_wconf 80' lang='lat' dir='ltr'><strong>declaratione</strong></span> <span class='ocrx_word' id='word_1_9' title='bbox 997 659 1184 725; x_wconf 78' lang='lat' dir='ltr'><strong>sopra</strong></span> <span class='ocrx_word' id='word_1_10' title='bbox 1229 637 1293 703; x_wconf 92' lang='lat' dir='ltr'><strong>la</strong></span> <span class='ocrx_word' id='word_1_11' title='bbox 1337 638 1638 703; x_wconf 65' lang='lat' dir='ltr'><strong>infirmita</strong></span> <span class='ocrx_word' id='word_1_12' title='bbox 1683 661 1817 720; x_wconf 78' lang='lat' dir='ltr'><strong>sua,</strong></span> <span class='ocrx_word' id='word_1_13' title='bbox 1864 644 1926 703; x_wconf 90' lang='lat' dir='ltr'><strong>et</strong></span> <span class='ocrx_word' id='word_1_14' title='bbox 1972 635 2225 703; x_wconf 86' lang='lat' dir='ltr'><strong>declara</strong></span> <span class='ocrx_word' id='word_1_15' title='bbox 2272 637 2334 702; x_wconf 85' lang='lat' dir='ltr'><strong>di</strong></span> <span class='ocrx_word' id='word_1_16' title='bbox 2384 637 2501 702; x_wconf 82' lang='lat' dir='ltr'><strong>dar</strong></span> <span class='ocrx_word' id='word_1_17' title='bbox 2544 637 2590 702; x_wconf 90' lang='lat' dir='ltr'><strong>il</strong></span> <span class='ocrx_word' id='word_1_18' title='bbox 2637 644 2799 703; x_wconf 80' lang='lat' dir='ltr'><strong>stato</strong></span> <span class='ocrx_word' id='word_1_19' title='bbox 2840 637 2919 702; x_wconf 90' lang='lat' dir='ltr'><strong>de</strong></span> <span class='ocrx_word' id='word_1_20' title='bbox 2953 636 3189 702; x_wconf 86' lang='lat' dir='ltr'><strong>Milano</strong></span> <span class='ocrx_word' id='word_1_21' title='bbox 3242 640 3381 690; x_wconf 76' lang='lat'><strong><em>1545</em></strong></span> 
     </span>
    </p>
   </div>
   <div class='ocr_carea' id='block_1_4' title="bbox 527 708 3404 847">
    <p class='ocr_par' dir='ltr' id='par_1_4' title="bbox 527 708 3404 847">
     <span class='ocr_line' id='line_1_4' title="bbox 527 708 3404 847; baseline 0.001 -40"><span class='ocrx_word' id='word_1_22' title='bbox 527 766 646 808; x_wconf 88' lang='lat' dir='ltr'><strong>con</strong></span> <span class='ocrx_word' id='word_1_23' title='bbox 690 741 754 809; x_wconf 90' lang='lat' dir='ltr'><strong>la</strong></span> <span class='ocrx_word' id='word_1_24' title='bbox 798 753 1026 831; x_wconf 87' lang='lat' dir='ltr'><strong>nepote</strong></span> <span class='ocrx_word' id='word_1_25' title='bbox 1071 747 1393 832; x_wconf 81' lang='lat' dir='ltr'><strong>princeesa</strong></span> <span class='ocrx_word' id='word_1_26' title='bbox 1436 745 1663 829; x_wconf 85' lang='lat' dir='ltr'><strong>Anna,</strong></span> <span class='ocrx_word' id='word_1_27' title='bbox 1711 743 1949 831; x_wconf 88' lang='lat' dir='ltr'><strong>figliola</strong></span> <span class='ocrx_word' id='word_1_28' title='bbox 1995 743 2097 810; x_wconf 91' lang='lat' dir='ltr'><strong>del</strong></span> <span class='ocrx_word' id='word_1_29' title='bbox 2142 744 2326 810; x_wconf 70' lang='lat' dir='ltr'><strong>Sel-¹¹¹⁰</strong></span> <span class='ocrx_word' id='word_1_30' title='bbox 2372 767 2440 809; x_wconf 85' lang='lat' dir='ltr'><strong>re</strong></span> <span class='ocrx_word' id='word_1_31' title='bbox 2487 767 2600 810; x_wconf 80' lang='lat' dir='ltr'><strong>suo</strong></span> <span class='ocrx_word' id='word_1_32' title='bbox 2647 743 2917 827; x_wconf 85' lang='lat' dir='ltr'><strong>fratello,</strong></span> <span class='ocrx_word' id='word_1_33' title='bbox 2967 768 3085 811; x_wconf 87' lang='lat' dir='ltr'><strong>con</strong></span> <span class='ocrx_word' id='word_1_34' title='bbox 3130 744 3189 809; x_wconf 89' lang='lat' dir='ltr'><strong>le</strong></span> <span class='ocrx_word' id='word_1_35' title='bbox 3225 708 3404 847; x_wconf 47' lang='lat' dir='ltr'><strong>We</strong></span> 
     </span>
    </p>
   </div>
   <div class='ocr_carea' id='block_1_5' title="bbox 524 850 3193 1047">
    <p class='ocr_par' dir='ltr' id='par_1_5' title="bbox 524 850 3193 1047">
     <span class='ocr_line' id='line_1_5' title="bbox 526 850 3190 940; baseline 0 -24"><span class='ocrx_word' id='word_1_36' title='bbox 526 851 870 917; x_wconf 83' lang='lat' dir='ltr'><strong>conditioni</strong></span> <span class='ocrx_word' id='word_1_37' title='bbox 924 859 990 917; x_wconf 87' lang='lat' dir='ltr'><strong>et</strong></span> <span class='ocrx_word' id='word_1_38' title='bbox 1046 851 1483 939; x_wconf 76' lang='lat' dir='ltr'><strong>particularita</strong></span> <span class='ocrx_word' id='word_1_39' title='bbox 1528 875 1852 940; x_wconf 77' lang='lat' dir='ltr'><strong>comprese</strong></span> <span class='ocrx_word' id='word_1_40' title='bbox 1896 851 2063 917; x_wconf 88' lang='lat' dir='ltr'><strong>nella</strong></span> <span class='ocrx_word' id='word_1_41' title='bbox 2105 853 2311 939; x_wconf 86' lang='lat' dir='ltr'><strong>prima</strong></span> <span class='ocrx_word' id='word_1_42' title='bbox 2355 850 2763 938; x_wconf 85' lang='lat' dir='ltr'><strong>capitulation</strong></span> <span class='ocrx_word' id='word_1_43' title='bbox 2809 851 2975 918; x_wconf 88' lang='lat' dir='ltr'><strong>della</strong></span> <span class='ocrx_word' id='word_1_44' title='bbox 3017 874 3190 939; x_wconf 87' lang='lat' dir='ltr'><strong>pace.</strong></span> 
     </span>
     <span class='ocr_line' id='line_1_6' title="bbox 524 958 3193 1047; baseline 0.001 -24"><span class='ocrx_word' id='word_1_45' title='bbox 524 966 589 1024; x_wconf 84' lang='lat' dir='ltr'><strong>et</strong></span> <span class='ocrx_word' id='word_1_46' title='bbox 633 959 1053 1024; x_wconf 79' lang='lat' dir='ltr'><strong>inseriscevisi</strong></span> <span class='ocrx_word' id='word_1_47' title='bbox 1099 983 1186 1024; x_wconf 89' lang='lat' dir='ltr'><strong>un</strong></span> <span class='ocrx_word' id='word_1_48' title='bbox 1234 959 1394 1026; x_wconf 88' lang='lat' dir='ltr'><strong>altro</strong></span> <span class='ocrx_word' id='word_1_49' title='bbox 1443 960 1754 1047; x_wconf 83' lang='lat' dir='ltr'><strong>capitulo,</strong></span> <span class='ocrx_word' id='word_1_50' title='bbox 1801 958 1988 1047; x_wconf 89' lang='lat' dir='ltr'><strong>quale</strong></span> <span class='ocrx_word' id='word_1_51' title='bbox 2035 961 2070 1023; x_wconf 79' lang='grc' dir='ltr'>ὸ</span> <span class='ocrx_word' id='word_1_52' title='bbox 2118 959 2268 1041; x_wconf 91' lang='lat' dir='ltr'><strong>che,</strong></span> <span class='ocrx_word' id='word_1_53' title='bbox 2329 982 2395 1025; x_wconf 81' lang='lat' dir='ltr'><strong>se</strong></span> <span class='ocrx_word' id='word_1_54' title='bbox 2441 960 2572 1025; x_wconf 89' lang='lat' dir='ltr'><strong>Sua</strong></span> <span class='ocrx_word' id='word_1_55' title='bbox 2617 958 2863 1024; x_wconf 71' lang='lat' dir='ltr'><strong>Maesta</strong></span> <span class='ocrx_word' id='word_1_56' title='bbox 2909 959 3193 1025; x_wconf 69' lang='lat' dir='ltr'><strong>Christnm</strong></span> 
     </span>
    </p>
   </div>
   <div class='ocr_carea' id='block_1_6' title="bbox 429 1174 3192 4897">
    <p class='ocr_par' dir='ltr' id='par_1_6' title="bbox 429 1174 3192 4897">
     <span class='ocr_line' id='line_1_7' title="bbox 472 1174 3191 1244; baseline -0 -15"><span class='ocrx_word' id='word_1_57' title='bbox 472 1176 759 1229; x_wconf 76' lang='lat' dir='ltr'><strong>5Morette</strong></span> <span class='ocrx_word' id='word_1_58' title='bbox 793 1174 939 1242; x_wconf 84' lang='lat' dir='ltr'><strong>(dem</strong></span> <span class='ocrx_word' id='word_1_59' title='bbox 974 1174 1127 1229; x_wconf 72' lang='lat' dir='ltr'><strong>Kar!</strong></span> <span class='ocrx_word' id='word_1_60' title='bbox 1159 1174 1254 1228; x_wconf 67' lang='lat' dir='ltr'><strong>eiu</strong></span> <span class='ocrx_word' id='word_1_61' title='bbox 1290 1175 1493 1243; x_wconf 65' lang='lat' dir='ltr'><strong>esa-ipt</strong></span> <span class='ocrx_word' id='word_1_62' title='bbox 1525 1175 1860 1243; x_wconf 79' lang='lat' dir='ltr'><strong>particulier</strong></span> <span class='ocrx_word' id='word_1_63' title='bbox 1895 1175 2133 1244; x_wconf 73' lang='lat' dir='ltr'><strong>mityab:</strong></span> <span class='ocrx_word' id='word_1_64' title='bbox 2183 1174 2419 1242; x_wconf 68' lang='lat' dir='ltr'><strong>Papiem</strong></span> <span class='ocrx_word' id='word_1_65' title='bbox 2467 1174 2637 1229; x_wconf 64' lang='lat' dir='ltr'><strong>d’dtat</strong></span> <span class='ocrx_word' id='word_1_66' title='bbox 2683 1175 2793 1228; x_wconf 96' lang='lat' dir='ltr'><strong>III</strong></span> <span class='ocrx_word' id='word_1_67' title='bbox 2833 1191 2920 1228; x_wconf 70' lang='lat' dir='ltr'><strong>nr.</strong></span> <span class='ocrx_word' id='word_1_68' title='bbox 2960 1177 3056 1243; x_wconf 90' lang='lat'><strong>33)</strong></span> <span class='ocrx_word' id='word_1_69' title='bbox 3092 1175 3191 1229; x_wconf 81' lang='lat' dir='ltr'><strong>mit</strong></span> 
     </span>
     <span class='ocr_line' id='line_1_8' title="bbox 525 1252 3191 1335; baseline 0 -17"><span class='ocrx_word' id='word_1_70' title='bbox 525 1263 648 1318; x_wconf 80' lang='lat' dir='ltr'><strong>dem</strong></span> <span class='ocrx_word' id='word_1_71' title='bbox 692 1252 1061 1335; x_wconf 70' lang='lat' dir='ltr'><strong>Uberbrinyer</strong></span> <span class='ocrx_word' id='word_1_72' title='bbox 1096 1264 1195 1319; x_wconf 80' lang='lat' dir='ltr'><strong>der</strong></span> <span class='ocrx_word' id='word_1_73' title='bbox 1231 1264 1742 1319; x_wconf 71' lang='lat' dir='ltr'><strong>Zessionsurkunde</strong></span> <span class='ocrx_word' id='word_1_74' title='bbox 1792 1265 1855 1317; x_wconf 76' lang='lat' dir='ltr'><strong>in</strong></span> <span class='ocrx_word' id='word_1_75' title='bbox 1883 1270 2048 1332; x_wconf 76' lang='lat' dir='ltr'><strong>posta</strong></span> <span class='ocrx_word' id='word_1_76' title='bbox 2096 1265 2242 1318; x_wconf 74' lang='lat' dir='ltr'><strong>nach</strong></span> <span class='ocrx_word' id='word_1_77' title='bbox 2278 1264 2627 1318; x_wconf 49' lang='lat' dir='ltr'><strong>lvi-ankreich</strong></span> <span class='ocrx_word' id='word_1_78' title='bbox 2662 1263 2764 1331; x_wconf 75' lang='lat' dir='ltr'><strong>ab5</strong></span> <span class='ocrx_word' id='word_1_79' title='bbox 2811 1281 2900 1317; x_wconf 84' lang='lat' dir='ltr'><strong>am</strong></span> <span class='ocrx_word' id='word_1_80' title='bbox 2944 1264 3191 1332; x_wconf 76' lang='lat' dir='ltr'><strong>yleichen</strong></span> 
     </span>
     <span class='ocr_line' id='line_1_9' title="bbox 523 1352 3192 1423; baseline 0 -16"><span class='ocrx_word' id='word_1_81' title='bbox 523 1354 721 1408; x_wconf 77' lang='lat' dir='ltr'><strong>Abend</strong></span> <span class='ocrx_word' id='word_1_82' title='bbox 756 1352 927 1423; x_wconf 70' lang='lat' dir='ltr'><strong>solqte</strong></span> <span class='ocrx_word' id='word_1_83' title='bbox 963 1354 1054 1407; x_wconf 77' lang='lat' dir='ltr'><strong>ein</strong></span> <span class='ocrx_word' id='word_1_84' title='bbox 1090 1353 1441 1408; x_wconf 73' lang='lat' dir='ltr'><strong>kaiserlicher</strong></span> <span class='ocrx_word' id='word_1_85' title='bbox 1475 1354 1704 1420; x_wconf 55' lang='lat' dir='ltr'><strong>Karia,</strong></span> <span class='ocrx_word' id='word_1_86' title='bbox 1743 1354 1865 1407; x_wconf 76' lang='lat' dir='ltr'><strong>und</strong></span> <span class='ocrx_word' id='word_1_87' title='bbox 1902 1354 2083 1407; x_wconf 60' lang='lat' dir='ltr'><strong>die-‘er</strong></span> <span class='ocrx_word' id='word_1_88' title='bbox 2117 1370 2237 1407; x_wconf 80' lang='lat' dir='ltr'><strong>war</strong></span> <span class='ocrx_word' id='word_1_89' title='bbox 2273 1371 2342 1420; x_wconf 73' lang='lat' dir='ltr'><strong>es,</strong></span> <span class='ocrx_word' id='word_1_90' title='bbox 2381 1353 2479 1407; x_wconf 81' lang='lat' dir='ltr'><strong>der</strong></span> <span class='ocrx_word' id='word_1_91' title='bbox 2505 1353 2568 1406; x_wconf 76' lang='lat' dir='ltr'><strong>in</strong></span> <span class='ocrx_word' id='word_1_92' title='bbox 2596 1354 2960 1422; x_wconf 76' lang='lat' dir='ltr'><strong>versieqeltem</strong></span> <span class='ocrx_word' id='word_1_93' title='bbox 2989 1352 3192 1407; x_wconf 81' lang='lat' dir='ltr'><strong>Packet</strong></span> 
     </span>
     <span class='ocr_line' id='line_1_10' title="bbox 526 1441 3191 1513; baseline 0 -16"><span class='ocrx_word' id='word_1_94' title='bbox 526 1443 614 1497; x_wconf 77' lang='lat' dir='ltr'><strong>die</strong></span> <span class='ocrx_word' id='word_1_95' title='bbox 651 1442 977 1513; x_wconf 65' lang='lat' dir='ltr'><strong>Erklcirunq</strong></span> <span class='ocrx_word' id='word_1_96' title='bbox 1014 1442 1108 1497; x_wconf 73' lang='lat' dir='ltr'><strong>dee</strong></span> <span class='ocrx_word' id='word_1_97' title='bbox 1145 1443 1375 1498; x_wconf 71' lang='lat' dir='ltr'><strong>Kaisers</strong></span> <span class='ocrx_word' id='word_1_98' title='bbox 1413 1444 1591 1510; x_wconf 79' lang='lat' dir='ltr'><strong>(nicht</strong></span> <span class='ocrx_word' id='word_1_99' title='bbox 1626 1443 2072 1497; x_wconf 74' lang='lat' dir='ltr'><strong>unterschrieben</strong></span> <span class='ocrx_word' id='word_1_100' title='bbox 2086 1483 2102 1509; x_wconf 89' lang='lat'><em>‚</em></span> <span class='ocrx_word' id='word_1_101' title='bbox 2141 1444 2257 1496; x_wconf 71' lang='lat' dir='ltr'><strong>also</strong></span> <span class='ocrx_word' id='word_1_102' title='bbox 2297 1444 2380 1497; x_wconf 69' lang='lat' dir='ltr'><strong>als</strong></span> <span class='ocrx_word' id='word_1_103' title='bbox 2416 1441 2709 1510; x_wconf 76' lang='lat' dir='ltr'><strong>Entwurf)</strong></span> <span class='ocrx_word' id='word_1_104' title='bbox 2744 1444 3045 1508; x_wconf 67' lang='lat' dir='ltr'><strong>mimulam,</strong></span> <span class='ocrx_word' id='word_1_105' title='bbox 3095 1461 3191 1497; x_wconf 78' lang='lat' dir='ltr'><strong>um</strong></span> 
     </span>
     <span class='ocr_line' id='line_1_11' title="bbox 522 1532 3187 1599; baseline -0 -11"><span class='ocrx_word' id='word_1_106' title='bbox 522 1534 600 1588; x_wconf 75' lang='lat' dir='ltr'><strong>aie</strong></span> <span class='ocrx_word' id='word_1_107' title='bbox 638 1533 758 1586; x_wconf 75' lang='lat' dir='ltr'><strong>dem</strong></span> <span class='ocrx_word' id='word_1_108' title='bbox 803 1533 1163 1588; x_wconf 75' lang='lat' dir='ltr'><strong>kaiserlichen</strong></span> <span class='ocrx_word' id='word_1_109' title='bbox 1200 1533 1520 1586; x_wconf 72' lang='lat' dir='ltr'><strong>Gesandten</strong></span> <span class='ocrx_word' id='word_1_110' title='bbox 1569 1535 1632 1586; x_wconf 75' lang='lat' dir='ltr'><strong>in</strong></span> <span class='ocrx_word' id='word_1_111' title='bbox 1678 1532 2055 1599; x_wconf 74' lang='lat' dir='ltr'><strong>Frankreich,</strong></span> <span class='ocrx_word' id='word_1_112' title='bbox 2103 1533 2246 1587; x_wconf 80' lang='lat' dir='ltr'><strong>Jean</strong></span> <span class='ocrx_word' id='word_1_113' title='bbox 2296 1532 2361 1586; x_wconf 76' lang='lat' dir='ltr'><strong>de</strong></span> <span class='ocrx_word' id='word_1_114' title='bbox 2410 1532 2861 1599; x_wconf 69' lang='lat' dir='ltr'><strong>Socim-Mauris,</strong></span> <span class='ocrx_word' id='word_1_115' title='bbox 2911 1550 2981 1586; x_wconf 77' lang='lat' dir='ltr'><strong>zu</strong></span> <span class='ocrx_word' id='word_1_116' title='bbox 3030 1533 3187 1587; x_wconf 71' lang='lat' dir='ltr'><strong>iiber-</strong></span> 
     </span>
     <span class='ocr_line' id='line_1_12' title="bbox 437 1621 3191 1693; baseline 0 -17"><span class='ocrx_word' id='word_1_117' title='bbox 437 1624 508 1677; x_wconf 87' lang='lat'><strong>10</strong></span> <span class='ocrx_word' id='word_1_118' title='bbox 521 1622 704 1691; x_wconf 73' lang='lat' dir='ltr'><strong>qeben.</strong></span> <span class='ocrx_word' id='word_1_119' title='bbox 790 1621 903 1692; x_wconf 75' lang='lat' dir='ltr'><strong><em>Vyl.</em></strong></span> <span class='ocrx_word' id='word_1_120' title='bbox 942 1622 1033 1676; x_wconf 76' lang='lat' dir='ltr'><strong>die</strong></span> <span class='ocrx_word' id='word_1_121' title='bbox 1082 1623 1274 1678; x_wconf 75' lang='lat' dir='ltr'><strong>beiden</strong></span> <span class='ocrx_word' id='word_1_122' title='bbox 1311 1623 1565 1676; x_wconf 78' lang='lat' dir='ltr'><strong>Berichte</strong></span> <span class='ocrx_word' id='word_1_123' title='bbox 1601 1621 1921 1693; x_wconf 60' lang='lat' dir='ltr'><strong>Nat-ayma</strong></span> <span class='ocrx_word' id='word_1_124' title='bbox 1970 1641 2090 1677; x_wconf 78' lang='lat' dir='ltr'><strong>vom</strong></span> <span class='ocrx_word' id='word_1_125' title='bbox 2135 1627 2213 1677; x_wconf 83' lang='lat'><strong>22</strong></span> <span class='ocrx_word' id='word_1_126' title='bbox 2248 1623 2443 1688; x_wconf 67' lang='lat' dir='ltr'><strong>Mdv-z,-</strong></span> <span class='ocrx_word' id='word_1_127' title='bbox 2489 1639 2531 1676; x_wconf 75' lang='lat' dir='ltr'><strong>a.</strong></span> <span class='ocrx_word' id='word_1_128' title='bbox 2570 1622 2716 1676; x_wconf 76' lang='lat' dir='ltr'><strong>auch</strong></span> <span class='ocrx_word' id='word_1_129' title='bbox 2755 1621 2986 1691; x_wconf 72' lang='lat' dir='ltr'><strong>Papiers</strong></span> <span class='ocrx_word' id='word_1_130' title='bbox 3022 1622 3191 1677; x_wconf 65' lang='lat' dir='ltr'><strong>d’etat</strong></span> 
     </span>
     <span class='ocr_line' id='line_1_13' title="bbox 524 1711 3189 1782; baseline 0 -17"><span class='ocrx_word' id='word_1_131' title='bbox 524 1711 632 1765; x_wconf 90' lang='lat' dir='ltr'><strong>III</strong></span> <span class='ocrx_word' id='word_1_132' title='bbox 661 1729 700 1780; x_wconf 82' lang='lat' dir='ltr'><em>p</em></span> <span class='ocrx_word' id='word_1_133' title='bbox 754 1715 843 1766; x_wconf 89' lang='grc'><strong>98.</strong></span> <span class='ocrx_word' id='word_1_134' title='bbox 879 1714 1002 1765; x_wconf 84' lang='grc'><em>106.</em></span> <span class='ocrx_word' id='word_1_135' title='bbox 1041 1714 1177 1778; x_wconf 83' lang='lat'><strong><em>126,-</em></strong></span> <span class='ocrx_word' id='word_1_136' title='bbox 1225 1729 1272 1766; x_wconf 78' lang='grc' dir='ltr'><strong>τ.</strong></span> <span class='ocrx_word' id='word_1_137' title='bbox 1311 1711 1565 1779; x_wconf 75' lang='lat' dir='ltr'><strong>Druffel,</strong></span> <span class='ocrx_word' id='word_1_138' title='bbox 1617 1712 1764 1766; x_wconf 84' lang='lat' dir='ltr'><strong>Karl</strong></span> <span class='ocrx_word' id='word_1_139' title='bbox 1811 1712 1883 1779; x_wconf 88' lang='lat' dir='ltr'><strong>V,</strong></span> <span class='ocrx_word' id='word_1_140' title='bbox 1934 1712 2009 1766; x_wconf 90' lang='lat' dir='ltr'><strong>II</strong></span> <span class='ocrx_word' id='word_1_141' title='bbox 2039 1712 2092 1767; x_wconf 80' lang='lat' dir='ltr'><strong>S.</strong></span> <span class='ocrx_word' id='word_1_142' title='bbox 2136 1716 2204 1766; x_wconf 83' lang='grc'><strong>17</strong></span> <span class='ocrx_word' id='word_1_143' title='bbox 2256 1713 2322 1766; x_wconf 77' lang='grc' dir='ltr'><strong>Α.</strong></span> <span class='ocrx_word' id='word_1_144' title='bbox 2360 1715 2447 1766; x_wconf 82' lang='lat'><strong>22.</strong></span> <span class='ocrx_word' id='word_1_145' title='bbox 2503 1742 2566 1751; x_wconf 96' lang='grc'><strong>--</strong></span> <span class='ocrx_word' id='word_1_146' title='bbox 2620 1712 2913 1782; x_wconf 76' lang='lat' dir='ltr'><strong>Navayero</strong></span> <span class='ocrx_word' id='word_1_147' title='bbox 2961 1713 3189 1766; x_wconf 69' lang='lat' dir='ltr'><strong>bomerkt</strong></span> 
     </span>
     <span class='ocr_line' id='line_1_14' title="bbox 522 1797 3191 1869; baseline 0.001 -15"><span class='ocrx_word' id='word_1_148' title='bbox 522 1802 679 1868; x_wconf 75' lang='lat' dir='ltr'><strong>noch,</strong></span> <span class='ocrx_word' id='word_1_149' title='bbox 717 1797 837 1869; x_wconf 75' lang='lat' dir='ltr'><strong>dost</strong></span> <span class='ocrx_word' id='word_1_150' title='bbox 873 1802 1019 1856; x_wconf 76' lang='lat' dir='ltr'><strong>auch</strong></span> <span class='ocrx_word' id='word_1_151' title='bbox 1055 1800 1155 1855; x_wconf 80' lang='lat' dir='ltr'><strong>der</strong></span> <span class='ocrx_word' id='word_1_152' title='bbox 1189 1801 1561 1867; x_wconf 69' lang='lat' dir='ltr'><strong>framose&#39;sche</strong></span> <span class='ocrx_word' id='word_1_153' title='bbox 1600 1801 1875 1856; x_wconf 74' lang='lat' dir='ltr'><strong>Gesandte</strong></span> <span class='ocrx_word' id='word_1_154' title='bbox 1907 1803 2141 1856; x_wconf 70' lang='lat' dir='ltr'><strong>Morene</strong></span> <span class='ocrx_word' id='word_1_155' title='bbox 2177 1819 2285 1855; x_wconf 78' lang='lat' dir='ltr'><strong>von</strong></span> <span class='ocrx_word' id='word_1_156' title='bbox 2320 1801 2440 1855; x_wconf 79' lang='lat' dir='ltr'><strong>dem</strong></span> <span class='ocrx_word' id='word_1_157' title='bbox 2469 1801 2662 1856; x_wconf 75' lang='lat' dir='ltr'><strong>Inhalt</strong></span> <span class='ocrx_word' id='word_1_158' title='bbox 2698 1801 2795 1856; x_wconf 77' lang='lat' dir='ltr'><strong>der</strong></span> <span class='ocrx_word' id='word_1_159' title='bbox 2820 1802 3191 1856; x_wconf 78' lang='lat' dir='ltr'><strong>Deklaration</strong></span> 
     </span>
     <span class='ocr_line' id='line_1_15' title="bbox 525 1890 3189 1961; baseline 0 -17"><span class='ocrx_word' id='word_1_160' title='bbox 525 1891 678 1944; x_wconf 73' lang='lat' dir='ltr'><strong>keine</strong></span> <span class='ocrx_word' id='word_1_161' title='bbox 714 1891 962 1961; x_wconf 72' lang='lat' dir='ltr'><strong>Almwnq</strong></span> <span class='ocrx_word' id='word_1_162' title='bbox 997 1891 1184 1958; x_wconf 67' lang='lat' dir='ltr'><strong>imae,-</strong></span> <span class='ocrx_word' id='word_1_163' title='bbox 1219 1891 1318 1945; x_wconf 82' lang='lat' dir='ltr'><strong>der</strong></span> <span class='ocrx_word' id='word_1_164' title='bbox 1354 1890 1578 1958; x_wconf 55' lang='lat' dir='ltr'><strong>Kaisa,</strong></span> <span class='ocrx_word' id='word_1_165' title='bbox 1615 1907 1674 1945; x_wconf 75' lang='lat' dir='ltr'><strong>so</strong></span> <span class='ocrx_word' id='word_1_166' title='bbox 1712 1892 1948 1945; x_wconf 74' lang='lat' dir='ltr'><strong>erziihlte</strong></span> <span class='ocrx_word' id='word_1_167' title='bbox 1985 1891 2223 1945; x_wconf 69' lang='lat' dir='ltr'><strong>Morene</strong></span> <span class='ocrx_word' id='word_1_168' title='bbox 2271 1891 2433 1945; x_wconf 67' lang='lat' dir='ltr'><strong>selbot</strong></span> <span class='ocrx_word' id='word_1_169' title='bbox 2485 1891 2602 1944; x_wconf 81' lang='lat' dir='ltr'><strong>dem</strong></span> <span class='ocrx_word' id='word_1_170' title='bbox 2650 1890 3002 1957; x_wconf 76' lang='lat' dir='ltr'><strong>Venetianer,</strong></span> <span class='ocrx_word' id='word_1_171' title='bbox 3052 1891 3189 1945; x_wconf 79' lang='lat' dir='ltr'><strong>habe</strong></span> 
     </span>
     <span class='ocr_line' id='line_1_16' title="bbox 523 1978 3190 2051; baseline 0.001 -19"><span class='ocrx_word' id='word_1_172' title='bbox 523 1980 635 2032; x_wconf 77' lang='lat' dir='ltr'><strong>ihm</strong></span> <span class='ocrx_word' id='word_1_173' title='bbox 667 1985 892 2048; x_wconf 72' lang='lat' dir='ltr'><strong>yeaayt:</strong></span> <span class='ocrx_word' id='word_1_174' title='bbox 931 1978 1194 2034; x_wconf 81' lang='lat' dir='ltr'><strong>habbiate</strong></span> <span class='ocrx_word' id='word_1_175' title='bbox 1230 1979 1517 2050; x_wconf 82' lang='lat' dir='ltr'><strong>patientia,</strong></span> <span class='ocrx_word' id='word_1_176' title='bbox 1555 1997 1660 2034; x_wconf 91' lang='lat' dir='ltr'><strong>non</strong></span> <span class='ocrx_word' id='word_1_177' title='bbox 1693 1981 1874 2051; x_wconf 83' lang='lat' dir='ltr'>voglio</span> <span class='ocrx_word' id='word_1_178' title='bbox 1911 1981 2015 2035; x_wconf 90' lang='lat' dir='ltr'><strong>che</strong></span> <span class='ocrx_word' id='word_1_179' title='bbox 2052 1980 2251 2034; x_wconf 87' lang='lat' dir='ltr'><strong>alcuno</strong></span> <span class='ocrx_word' id='word_1_180' title='bbox 2289 1981 2484 2050; x_wconf 81' lang='lat' dir='ltr'><strong>sappia</strong></span> <span class='ocrx_word' id='word_1_181' title='bbox 2524 1980 2829 2034; x_wconf 81' lang='lat' dir='ltr'><strong>l’intention</strong></span> <span class='ocrx_word' id='word_1_182' title='bbox 2866 1981 2977 2033; x_wconf 84' lang='lat' dir='ltr'><strong>mia</strong></span> <span class='ocrx_word' id='word_1_183' title='bbox 3012 1981 3190 2051; x_wconf 86' lang='lat' dir='ltr'><strong>prima</strong></span> 
     </span>
     <span class='ocr_line' id='line_1_17' title="bbox 443 2067 3189 2136; baseline 0.001 -14"><span class='ocrx_word' id='word_1_184' title='bbox 443 2070 506 2122; x_wconf 83' lang='lat'><strong>15</strong></span> <span class='ocrx_word' id='word_1_185' title='bbox 524 2068 612 2123; x_wconf 89' lang='lat' dir='ltr'><strong>del</strong></span> <span class='ocrx_word' id='word_1_186' title='bbox 649 2086 709 2123; x_wconf 85' lang='lat' dir='ltr'><strong>re</strong></span> <span class='ocrx_word' id='word_1_187' title='bbox 745 2070 853 2123; x_wconf 88' lang='lat' dir='ltr'><strong>mio</strong></span> <span class='ocrx_word' id='word_1_188' title='bbox 891 2067 1125 2136; x_wconf 78' lang='lat' dir='ltr'><strong>fratello,</strong></span> <span class='ocrx_word' id='word_1_189' title='bbox 1165 2068 1218 2122; x_wconf 81' lang='lat' dir='ltr'><strong>d.</strong></span> <span class='ocrx_word' id='word_1_190' title='bbox 1257 2068 1308 2122; x_wconf 80' lang='lat' dir='ltr'><strong>h.</strong></span> <span class='ocrx_word' id='word_1_191' title='bbox 1348 2069 1486 2125; x_wconf 76' lang='lat' dir='ltr'><strong>doch</strong></span> <span class='ocrx_word' id='word_1_192' title='bbox 1522 2071 1628 2123; x_wconf 85' lang='lat' dir='ltr'><strong>wol</strong></span> <span class='ocrx_word' id='word_1_193' title='bbox 1663 2069 1733 2123; x_wconf 87' lang='lat' dir='ltr'><strong>K.</strong></span> <span class='ocrx_word' id='word_1_194' title='bbox 1766 2069 1975 2136; x_wconf 69' lang='lat' dir='ltr'><strong>1⁴²²·an2,</strong></span> <span class='ocrx_word' id='word_1_195' title='bbox 2016 2069 2090 2122; x_wconf 80' lang='lat' dir='ltr'><strong>da</strong></span> <span class='ocrx_word' id='word_1_196' title='bbox 2120 2069 2192 2122; x_wconf 90' lang='lat' dir='ltr'><strong>K.</strong></span> <span class='ocrx_word' id='word_1_197' title='bbox 2222 2068 2559 2123; x_wconf 73' lang='lat' dir='ltr'><strong>Fordinand</strong></span> <span class='ocrx_word' id='word_1_198' title='bbox 2586 2069 2778 2124; x_wconf 63' lang='lat' dir='ltr'><strong>ber-cita</strong></span> <span class='ocrx_word' id='word_1_199' title='bbox 2805 2070 2904 2124; x_wconf 78' lang='lat' dir='ltr'><strong>seit</strong></span> <span class='ocrx_word' id='word_1_200' title='bbox 2930 2069 3189 2124; x_wconf 79' lang='lat' dir='ltr'><strong>Februar</strong></span> 
     </span>
     <span class='ocr_line' id='line_1_18' title="bbox 523 2157 3190 2228; baseline 0.001 -16"><span class='ocrx_word' id='word_1_201' title='bbox 523 2158 886 2213; x_wconf 71' lang='lat' dir='ltr'><strong>untem&#39;chtet</strong></span> <span class='ocrx_word' id='word_1_202' title='bbox 921 2175 1071 2213; x_wconf 83' lang='lat' dir='ltr'><strong>war:</strong></span> <span class='ocrx_word' id='word_1_203' title='bbox 1107 2160 1210 2228; x_wconf 77' lang='lat' dir='ltr'><strong><em>vql.</em></strong></span> <span class='ocrx_word' id='word_1_204' title='bbox 1248 2175 1298 2213; x_wconf 86' lang='lat' dir='ltr'><strong>v.</strong></span> <span class='ocrx_word' id='word_1_205' title='bbox 1336 2158 1566 2226; x_wconf 79' lang='lat' dir='ltr'><strong>Druffel</strong></span> <span class='ocrx_word' id='word_1_206' title='bbox 1598 2159 1676 2212; x_wconf 92' lang='lat' dir='ltr'><strong>II</strong></span> <span class='ocrx_word' id='word_1_207' title='bbox 1704 2157 1759 2211; x_wconf 81' lang='lat' dir='ltr'><strong>S.</strong></span> <span class='ocrx_word' id='word_1_208' title='bbox 1798 2162 1868 2212; x_wconf 85' lang='lat'><strong>17</strong></span> <span class='ocrx_word' id='word_1_209' title='bbox 1902 2175 1989 2212; x_wconf 76' lang='lat' dir='ltr'><strong>nr.</strong></span> <span class='ocrx_word' id='word_1_210' title='bbox 2025 2161 2100 2212; x_wconf 80' lang='lat'><strong>22</strong></span> <span class='ocrx_word' id='word_1_211' title='bbox 2137 2158 2257 2212; x_wconf 74' lang='lat' dir='ltr'><strong>und</strong></span> <span class='ocrx_word' id='word_1_212' title='bbox 2299 2158 2487 2212; x_wconf 83' lang='lat' dir='ltr'><strong>Avvisi</strong></span> <span class='ocrx_word' id='word_1_213' title='bbox 2526 2175 2624 2228; x_wconf 86' lang='lat' dir='ltr'><strong>per</strong></span> <span class='ocrx_word' id='word_1_214' title='bbox 2651 2159 2844 2213; x_wconf 80' lang='lat' dir='ltr'><strong>lettere</strong></span> <span class='ocrx_word' id='word_1_215' title='bbox 2871 2159 2927 2213; x_wconf 85' lang='lat' dir='ltr'><strong>di</strong></span> <span class='ocrx_word' id='word_1_216' title='bbox 2957 2159 3190 2215; x_wconf 86' lang='lat' dir='ltr'><strong>Venetia</strong></span> 
     </span>
     <span class='ocr_line' id='line_1_19' title="bbox 524 2248 3189 2317; baseline 0 -14"><span class='ocrx_word' id='word_1_217' title='bbox 524 2249 581 2302; x_wconf 86' lang='lat' dir='ltr'><strong>di</strong></span> <span class='ocrx_word' id='word_1_218' title='bbox 625 2249 688 2303; x_wconf 80' lang='lat'><strong>12</strong></span> <span class='ocrx_word' id='word_1_219' title='bbox 724 2249 779 2303; x_wconf 89' lang='lat' dir='ltr'><strong>di</strong></span> <span class='ocrx_word' id='word_1_220' title='bbox 829 2264 1014 2303; x_wconf 85' lang='lat' dir='ltr'><strong>marzo</strong></span> <span class='ocrx_word' id='word_1_221' title='bbox 1064 2248 1151 2302; x_wconf 85' lang='lat' dir='ltr'><strong>del</strong></span> <span class='ocrx_word' id='word_1_222' title='bbox 1199 2248 1270 2302; x_wconf 82' lang='lat'><strong>45</strong></span> <span class='ocrx_word' id='word_1_223' title='bbox 1318 2248 1819 2317; x_wconf 72' lang='lat' dir='ltr'><strong>(auyenscheinlich</strong></span> <span class='ocrx_word' id='word_1_224' title='bbox 1867 2264 1972 2301; x_wconf 71' lang='lat' dir='ltr'><strong>aue</strong></span> <span class='ocrx_word' id='word_1_225' title='bbox 2016 2249 2189 2302; x_wconf 77' lang='lat' dir='ltr'><strong>einem</strong></span> <span class='ocrx_word' id='word_1_226' title='bbox 2238 2248 2795 2315; x_wconf 75' lang='lat' dir='ltr'><strong>Nuntiaturbericht)</strong></span> <span class='ocrx_word' id='word_1_227' title='bbox 2840 2250 2904 2303; x_wconf 76' lang='lat' dir='ltr'><strong>in</strong></span> <span class='ocrx_word' id='word_1_228' title='bbox 2953 2248 3189 2304; x_wconf 67' lang='lat' dir='ltr'><strong>Florem</strong></span> 
     </span>
     <span class='ocr_line' id='line_1_20' title="bbox 524 2334 3187 2408; baseline -0.001 -14"><span class='ocrx_word' id='word_1_229' title='bbox 524 2339 689 2394; x_wconf 84' lang='lat' dir='ltr'><strong>Oarte</strong></span> <span class='ocrx_word' id='word_1_230' title='bbox 737 2338 935 2394; x_wconf 85' lang='lat' dir='ltr'><strong>Cervin</strong></span> <span class='ocrx_word' id='word_1_231' title='bbox 984 2337 1112 2393; x_wconf 79' lang='lat' dir='ltr'><strong>fiiza</strong></span> <span class='ocrx_word' id='word_1_232' title='bbox 1158 2339 1255 2406; x_wconf 76' lang='lat'><strong>28,</strong></span> <span class='ocrx_word' id='word_1_233' title='bbox 1306 2354 1388 2392; x_wconf 81' lang='lat' dir='ltr'><strong>wo</strong></span> <span class='ocrx_word' id='word_1_234' title='bbox 1437 2354 1492 2391; x_wconf 77' lang='lat' dir='ltr'><strong>es</strong></span> <span class='ocrx_word' id='word_1_235' title='bbox 1538 2334 1720 2405; x_wconf 68' lang='lat' dir='ltr'><em>hmstt:</em></span> <span class='ocrx_word' id='word_1_236' title='bbox 1771 2337 1965 2402; x_wconf 76' lang='lat' dir='ltr'><strong>Queati</strong></span> <span class='ocrx_word' id='word_1_237' title='bbox 2014 2337 2221 2408; x_wconf 79' lang='lat' dir='ltr'><strong>signori</strong></span> <span class='ocrx_word' id='word_1_238' title='bbox 2267 2335 2507 2391; x_wconf 87' lang='lat' dir='ltr'><strong>hebbero</strong></span> <span class='ocrx_word' id='word_1_239' title='bbox 2556 2334 2790 2392; x_wconf 81' lang='lat' dir='ltr'><strong>martedi</strong></span> <span class='ocrx_word' id='word_1_240' title='bbox 2837 2336 3033 2406; x_wconf 73' lang='lat' dir='ltr'><em>[Mdrz</em></span> <span class='ocrx_word' id='word_1_241' title='bbox 3082 2336 3187 2407; x_wconf 90' lang='lat'><strong>10]</strong></span> 
     </span>
     <span class='ocr_line' id='line_1_21' title="bbox 524 2425 3187 2498; baseline -0 -16"><span class='ocrx_word' id='word_1_242' title='bbox 524 2428 716 2482; x_wconf 84' lang='lat' dir='ltr'><strong>lettere</strong></span> <span class='ocrx_word' id='word_1_243' title='bbox 761 2427 890 2482; x_wconf 87' lang='lat' dir='ltr'><strong>dall&#39;</strong></span> <span class='ocrx_word' id='word_1_244' title='bbox 939 2435 1155 2484; x_wconf 83' lang='lat' dir='ltr'><strong>oratore</strong></span> <span class='ocrx_word' id='word_1_245' title='bbox 1203 2428 1318 2481; x_wconf 89' lang='lat' dir='ltr'><strong>loro</strong></span> <span class='ocrx_word' id='word_1_246' title='bbox 1367 2427 1439 2481; x_wconf 88' lang='lat' dir='ltr'><strong>da</strong></span> <span class='ocrx_word' id='word_1_247' title='bbox 1478 2426 1661 2497; x_wconf 83' lang='lat' dir='ltr'><strong>Praga</strong></span> <span class='ocrx_word' id='word_1_248' title='bbox 1696 2425 2029 2496; x_wconf 78' lang='lat' dir='ltr'><strong>[Domenico</strong></span> <span class='ocrx_word' id='word_1_249' title='bbox 2068 2425 2378 2496; x_wconf 74' lang='lat' dir='ltr'><strong>Morosim‘]</strong></span> <span class='ocrx_word' id='word_1_250' title='bbox 2416 2427 2484 2480; x_wconf 87' lang='lat' dir='ltr'><strong>de</strong></span> <span class='ocrx_word' id='word_1_251' title='bbox 2521 2428 2620 2496; x_wconf 79' lang='lat'><strong>25,</strong></span> <span class='ocrx_word' id='word_1_252' title='bbox 2672 2427 2774 2482; x_wconf 89' lang='lat' dir='ltr'><strong>che</strong></span> <span class='ocrx_word' id='word_1_253' title='bbox 2820 2426 3187 2498; x_wconf 85' lang='lat' dir='ltr'><strong>l’imperatore</strong></span> 
     </span>
     <span class='ocr_line' id='line_1_22' title="bbox 435 2515 3188 2588; baseline 0 -18"><span class='ocrx_word' id='word_1_254' title='bbox 435 2517 700 2572; x_wconf 79' lang='lat' dir='ltr'><strong>20havea</strong></span> <span class='ocrx_word' id='word_1_255' title='bbox 751 2517 884 2572; x_wconf 80' lang='lat' dir='ltr'><strong>data</strong></span> <span class='ocrx_word' id='word_1_256' title='bbox 939 2517 993 2572; x_wconf 86' lang='lat' dir='ltr'><strong>la</strong></span> <span class='ocrx_word' id='word_1_257' title='bbox 1048 2515 1203 2588; x_wconf 81' lang='lat' dir='ltr'><strong>figlia</strong></span> <span class='ocrx_word' id='word_1_258' title='bbox 1255 2516 1344 2570; x_wconf 86' lang='lat' dir='ltr'><strong>del</strong></span> <span class='ocrx_word' id='word_1_259' title='bbox 1399 2532 1458 2569; x_wconf 87' lang='lat' dir='ltr'><strong>re</strong></span> <span class='ocrx_word' id='word_1_260' title='bbox 1513 2515 1581 2569; x_wconf 88' lang='lat' dir='ltr'><strong>de</strong></span> <span class='ocrx_word' id='word_1_261' title='bbox 1637 2515 1868 2569; x_wconf 87' lang='lat' dir='ltr'><strong>Romani</strong></span> <span class='ocrx_word' id='word_1_262' title='bbox 1920 2533 1956 2569; x_wconf 91' lang='lat' dir='ltr'><strong>a</strong></span> <span class='ocrx_word' id='word_1_263' title='bbox 2005 2516 2320 2586; x_wconf 78' lang='lat' dir='ltr'>monsignor</span> <span class='ocrx_word' id='word_1_264' title='bbox 2369 2515 2641 2571; x_wconf 80' lang='lat' dir='ltr'><strong>d&#39;Orliene</strong></span> <span class='ocrx_word' id='word_1_265' title='bbox 2690 2533 2793 2571; x_wconf 91' lang='lat' dir='ltr'><strong>con</strong></span> <span class='ocrx_word' id='word_1_266' title='bbox 2842 2515 3074 2583; x_wconf 80' lang='grc' dir='ltr'><em>Μ118ιιο,</em></span> <span class='ocrx_word' id='word_1_267' title='bbox 3131 2523 3188 2570; x_wconf 83' lang='lat' dir='ltr'><strong>et</strong></span> 
     </span>
     <span class='ocr_line' id='line_1_23' title="bbox 526 2604 3189 2678; baseline 0 -19"><span class='ocrx_word' id='word_1_268' title='bbox 526 2607 563 2660; x_wconf 87' lang='lat' dir='ltr'><strong>il</strong></span> <span class='ocrx_word' id='word_1_269' title='bbox 611 2606 828 2678; x_wconf 83' lang='lat' dir='ltr'><strong>prefato</strong></span> <span class='ocrx_word' id='word_1_270' title='bbox 877 2614 1092 2661; x_wconf 85' lang='lat' dir='ltr'><strong>oratore</strong></span> <span class='ocrx_word' id='word_1_271' title='bbox 1150 2623 1208 2661; x_wconf 79' lang='lat' dir='ltr'><strong>se</strong></span> <span class='ocrx_word' id='word_1_272' title='bbox 1256 2621 1325 2660; x_wconf 89' lang='lat' dir='ltr'><strong>ne</strong></span> <span class='ocrx_word' id='word_1_273' title='bbox 1381 2621 1475 2659; x_wconf 88' lang='lat' dir='ltr'><strong>era</strong></span> <span class='ocrx_word' id='word_1_274' title='bbox 1530 2604 1799 2676; x_wconf 79' lang='lat' dir='ltr'><strong>allegrato</strong></span> <span class='ocrx_word' id='word_1_275' title='bbox 1855 2604 1943 2660; x_wconf 89' lang='lat' dir='ltr'><strong>col</strong></span> <span class='ocrx_word' id='word_1_276' title='bbox 1999 2621 2071 2659; x_wconf 90' lang='lat' dir='ltr'><strong>re.</strong></span> <span class='ocrx_word' id='word_1_277' title='bbox 2158 2605 2406 2659; x_wconf 80' lang='lat' dir='ltr'>havendo</span> <span class='ocrx_word' id='word_1_278' title='bbox 2462 2605 2514 2659; x_wconf 86' lang='lat' dir='ltr'><strong>io</strong></span> <span class='ocrx_word' id='word_1_279' title='bbox 2569 2605 2771 2660; x_wconf 74' lang='lat' dir='ltr'><strong>sentito</strong></span> <span class='ocrx_word' id='word_1_280' title='bbox 2828 2605 2882 2658; x_wconf 89' lang='lat' dir='ltr'><strong>la</strong></span> <span class='ocrx_word' id='word_1_281' title='bbox 2935 2622 3077 2658; x_wconf 83' lang='lat' dir='ltr'><strong>nova</strong></span> <span class='ocrx_word' id='word_1_282' title='bbox 3131 2613 3189 2659; x_wconf 84' lang='lat' dir='ltr'><strong>et</strong></span> 
     </span>
     <span class='ocr_line' id='line_1_24' title="bbox 523 2692 3188 2767; baseline -0.001 -17"><span class='ocrx_word' id='word_1_283' title='bbox 523 2696 776 2750; x_wconf 86' lang='lat' dir='ltr'><strong>andando</strong></span> <span class='ocrx_word' id='word_1_284' title='bbox 831 2696 886 2750; x_wconf 89' lang='lat' dir='ltr'><strong>in</strong></span> <span class='ocrx_word' id='word_1_285' title='bbox 943 2696 1176 2767; x_wconf 84' lang='lat' dir='ltr'><strong>collegio</strong></span> <span class='ocrx_word' id='word_1_286' title='bbox 1231 2712 1472 2750; x_wconf 89' lang='lat' dir='ltr'><strong>mercore</strong></span> <span class='ocrx_word' id='word_1_287' title='bbox 1540 2696 1774 2749; x_wconf 81' lang='lat' dir='ltr'><strong>mattina</strong></span> <span class='ocrx_word' id='word_1_288' title='bbox 1827 2693 2025 2764; x_wconf 68' lang='lat' dir='ltr'><strong>[Meirz</strong></span> <span class='ocrx_word' id='word_1_289' title='bbox 2078 2692 2175 2763; x_wconf 88' lang='lat'><strong>11]</strong></span> <span class='ocrx_word' id='word_1_290' title='bbox 2230 2712 2327 2765; x_wconf 88' lang='lat' dir='ltr'><strong>per</strong></span> <span class='ocrx_word' id='word_1_291' title='bbox 2381 2695 2553 2763; x_wconf 83' lang='lat' dir='ltr'><strong>altro,</strong></span> <span class='ocrx_word' id='word_1_292' title='bbox 2607 2711 2677 2749; x_wconf 88' lang='lat' dir='ltr'><strong>ne</strong></span> <span class='ocrx_word' id='word_1_293' title='bbox 2731 2694 3022 2749; x_wconf 85' lang='lat' dir='ltr'><strong>domandai</strong></span> <span class='ocrx_word' id='word_1_294' title='bbox 3077 2694 3188 2748; x_wconf 86' lang='grc'><em>8118</em></span> 
     </span>
     <span class='ocr_line' id='line_1_25' title="bbox 525 2783 3183 2857; baseline 0 -17"><span class='ocrx_word' id='word_1_295' title='bbox 525 2783 781 2857; x_wconf 85' lang='lat' dir='ltr'><strong>Signoria</strong></span> <span class='ocrx_word' id='word_1_296' title='bbox 817 2793 874 2840; x_wconf 83' lang='lat' dir='ltr'><strong>et</strong></span> <span class='ocrx_word' id='word_1_297' title='bbox 922 2785 994 2841; x_wconf 87' lang='lat' dir='ltr'><strong>mi</strong></span> <span class='ocrx_word' id='word_1_298' title='bbox 1034 2802 1202 2857; x_wconf 82' lang='lat' dir='ltr'><strong>parve</strong></span> <span class='ocrx_word' id='word_1_299' title='bbox 1238 2784 1342 2841; x_wconf 89' lang='lat' dir='ltr'><strong>che</strong></span> <span class='ocrx_word' id='word_1_300' title='bbox 1391 2803 1496 2839; x_wconf 88' lang='lat' dir='ltr'><strong>non</strong></span> <span class='ocrx_word' id='word_1_301' title='bbox 1538 2785 1589 2838; x_wconf 85' lang='grc'><strong>10</strong></span> <span class='ocrx_word' id='word_1_302' title='bbox 1626 2784 1917 2839; x_wconf 78' lang='lat' dir='ltr'><strong>havessero</strong></span> <span class='ocrx_word' id='word_1_303' title='bbox 1954 2801 2054 2854; x_wconf 87' lang='lat' dir='ltr'><strong>per</strong></span> <span class='ocrx_word' id='word_1_304' title='bbox 2091 2791 2274 2853; x_wconf 83' lang='lat' dir='ltr'><strong>certo,</strong></span> <span class='ocrx_word' id='word_1_305' title='bbox 2312 2793 2370 2840; x_wconf 81' lang='lat' dir='ltr'><strong>et</strong></span> <span class='ocrx_word' id='word_1_306' title='bbox 2404 2801 2543 2840; x_wconf 87' lang='lat' dir='ltr'><strong>anco</strong></span> <span class='ocrx_word' id='word_1_307' title='bbox 2593 2784 2695 2840; x_wconf 89' lang='lat' dir='ltr'><strong>che</strong></span> <span class='ocrx_word' id='word_1_308' title='bbox 2744 2803 2852 2839; x_wconf 89' lang='lat' dir='ltr'><strong>non</strong></span> <span class='ocrx_word' id='word_1_309' title='bbox 2892 2802 3019 2840; x_wconf 83' lang='lat' dir='ltr'><strong>sene</strong></span> <span class='ocrx_word' id='word_1_310' title='bbox 3056 2784 3183 2840; x_wconf 80' lang='lat' dir='ltr'><strong>alle·</strong></span> 
     </span>
     <span class='ocr_line' id='line_1_26' title="bbox 522 2874 3185 2946; baseline 0 -17"><span class='ocrx_word' id='word_1_311' title='bbox 522 2891 776 2946; x_wconf 76' lang='lat' dir='ltr'>grassem</span> <span class='ocrx_word' id='word_1_312' title='bbox 832 2875 1033 2943; x_wconf 89' lang='lat' dir='ltr'>molto,</span> <span class='ocrx_word' id='word_1_313' title='bbox 1088 2875 1320 2931; x_wconf 88' lang='lat' dir='ltr'><strong>dicendo</strong></span> <span class='ocrx_word' id='word_1_314' title='bbox 1374 2874 1477 2930; x_wconf 82' lang='lat' dir='ltr'><strong>che</strong></span> <span class='ocrx_word' id='word_1_315' title='bbox 1532 2874 1572 2928; x_wconf 85' lang='lat' dir='ltr'><strong>il</strong></span> <span class='ocrx_word' id='word_1_316' title='bbox 1626 2874 1759 2929; x_wconf 87' lang='lat' dir='ltr'><strong>dare</strong></span> <span class='ocrx_word' id='word_1_317' title='bbox 1813 2874 2020 2928; x_wconf 85' lang='lat' dir='ltr'><strong>Milano</strong></span> <span class='ocrx_word' id='word_1_318' title='bbox 2073 2882 2131 2928; x_wconf 87' lang='lat' dir='ltr'><strong>et</strong></span> <span class='ocrx_word' id='word_1_319' title='bbox 2184 2881 2371 2929; x_wconf 87' lang='lat' dir='ltr'><strong>tenere</strong></span> <span class='ocrx_word' id='word_1_320' title='bbox 2426 2875 2477 2929; x_wconf 91' lang='lat' dir='ltr'><strong>le</strong></span> <span class='ocrx_word' id='word_1_321' title='bbox 2531 2874 2768 2930; x_wconf 80' lang='lat' dir='ltr'><strong>fortezze</strong></span> <span class='ocrx_word' id='word_1_322' title='bbox 2822 2882 2880 2930; x_wconf 87' lang='lat' dir='ltr'><strong>et</strong></span> <span class='ocrx_word' id='word_1_323' title='bbox 2934 2874 3079 2930; x_wconf 77' lang='lat' dir='ltr'><strong>forse</strong></span> <span class='ocrx_word' id='word_1_324' title='bbox 3135 2875 3185 2930; x_wconf 89' lang='grc' dir='ltr'><em>1ε</em></span> 
     </span>
     <span class='ocr_line' id='line_1_27' title="bbox 434 2958 3185 3036; baseline 0 -19"><span class='ocrx_word' id='word_1_325' title='bbox 434 2965 504 3017; x_wconf 80' lang='grc'><strong>25</strong></span> <span class='ocrx_word' id='word_1_326' title='bbox 523 2964 754 3032; x_wconf 81' lang='lat' dir='ltr'><strong>intrate,</strong></span> <span class='ocrx_word' id='word_1_327' title='bbox 805 2981 900 3018; x_wconf 88' lang='lat' dir='ltr'><strong>era</strong></span> <span class='ocrx_word' id='word_1_328' title='bbox 944 2982 1019 3019; x_wconf 88' lang='lat' dir='ltr'><strong>un</strong></span> <span class='ocrx_word' id='word_1_329' title='bbox 1070 2964 1224 3018; x_wconf 81' lang='lat' dir='ltr'><strong>dario</strong></span> <span class='ocrx_word' id='word_1_330' title='bbox 1260 2970 1318 3018; x_wconf 86' lang='lat' dir='ltr'><strong>et</strong></span> <span class='ocrx_word' id='word_1_331' title='bbox 1366 2981 1469 3018; x_wconf 89' lang='lat' dir='ltr'><strong>non</strong></span> <span class='ocrx_word' id='word_1_332' title='bbox 1523 2964 1576 3018; x_wconf 93' lang='lat' dir='ltr'><strong>lo</strong></span> <span class='ocrx_word' id='word_1_333' title='bbox 1623 2963 1770 3017; x_wconf 86' lang='lat' dir='ltr'><strong>dare.</strong></span> <span class='ocrx_word' id='word_1_334' title='bbox 1857 2963 2061 3017; x_wconf 76' lang='lat' dir='ltr'><strong>Weiter</strong></span> <span class='ocrx_word' id='word_1_335' title='bbox 2106 2958 2264 3032; x_wconf 75' lang='lat' dir='ltr'><strong>heisst</strong></span> <span class='ocrx_word' id='word_1_336' title='bbox 2313 2980 2397 3018; x_wconf 82' lang='lat' dir='ltr'><strong>es:</strong></span> <span class='ocrx_word' id='word_1_337' title='bbox 2449 2960 2479 3018; x_wconf 77' lang='grc' dir='ltr'>ὲ</span> <span class='ocrx_word' id='word_1_338' title='bbox 2525 2965 2617 3036; x_wconf 89' lang='lat' dir='ltr'><strong>poi</strong></span> <span class='ocrx_word' id='word_1_339' title='bbox 2663 2970 2864 3019; x_wconf 86' lang='lat' dir='ltr'><strong>venuto</strong></span> <span class='ocrx_word' id='word_1_340' title='bbox 2900 2964 3036 3018; x_wconf 86' lang='lat' dir='ltr'><strong>hieri</strong></span> <span class='ocrx_word' id='word_1_341' title='bbox 3076 2981 3185 3018; x_wconf 89' lang='lat' dir='ltr'><strong>uno</strong></span> 
     </span>
     <span class='ocr_line' id='line_1_28' title="bbox 523 3049 3184 3126; baseline -0 -18"><span class='ocrx_word' id='word_1_342' title='bbox 523 3055 711 3109; x_wconf 80' lang='lat' dir='ltr'><strong>avviso</strong></span> <span class='ocrx_word' id='word_1_343' title='bbox 746 3054 819 3108; x_wconf 88' lang='lat' dir='ltr'><strong>da</strong></span> <span class='ocrx_word' id='word_1_344' title='bbox 858 3053 1063 3108; x_wconf 85' lang='lat' dir='ltr'><strong>Milano</strong></span> <span class='ocrx_word' id='word_1_345' title='bbox 1098 3054 1191 3108; x_wconf 89' lang='lat' dir='ltr'><strong>dal</strong></span> <span class='ocrx_word' id='word_1_346' title='bbox 1227 3053 1525 3108; x_wconf 80' lang='lat' dir='ltr'><strong>secretario</strong></span> <span class='ocrx_word' id='word_1_347' title='bbox 1562 3053 1618 3107; x_wconf 89' lang='lat' dir='ltr'><strong>di</strong></span> <span class='ocrx_word' id='word_1_348' title='bbox 1656 3060 1855 3124; x_wconf 82' lang='lat' dir='ltr'><strong>questa</strong></span> <span class='ocrx_word' id='word_1_349' title='bbox 1882 3052 2137 3123; x_wconf 86' lang='lat' dir='ltr'><strong>Signoria</strong></span> <span class='ocrx_word' id='word_1_350' title='bbox 2173 3053 2277 3108; x_wconf 89' lang='lat' dir='ltr'><strong>che</strong></span> <span class='ocrx_word' id='word_1_351' title='bbox 2306 3049 2337 3108; x_wconf 75' lang='lat' dir='ltr'><strong>e</strong></span> <span class='ocrx_word' id='word_1_352' title='bbox 2367 3049 2440 3121; x_wconf 65' lang='lat' dir='ltr'><strong>lh,</strong></span> <span class='ocrx_word' id='word_1_353' title='bbox 2468 3054 2618 3107; x_wconf 82' lang='lat' dir='ltr'><strong>vario</strong></span> <span class='ocrx_word' id='word_1_354' title='bbox 2641 3054 2714 3109; x_wconf 90' lang='lat' dir='ltr'><strong>da</strong></span> <span class='ocrx_word' id='word_1_355' title='bbox 2741 3054 2870 3125; x_wconf 86' lang='lat' dir='ltr'><strong>quel</strong></span> <span class='ocrx_word' id='word_1_356' title='bbox 2898 3054 2953 3108; x_wconf 87' lang='lat' dir='ltr'><strong>di</strong></span> <span class='ocrx_word' id='word_1_357' title='bbox 2982 3053 3184 3126; x_wconf 83' lang='lat' dir='ltr'><strong>Praga,</strong></span> 
     </span>
     <span class='ocr_line' id='line_1_29' title="bbox 523 3141 3186 3212; baseline 0 -15"><span class='ocrx_word' id='word_1_358' title='bbox 523 3151 580 3197; x_wconf 84' lang='lat' dir='ltr'><strong>ct</strong></span> <span class='ocrx_word' id='word_1_359' title='bbox 618 3143 668 3196; x_wconf 87' lang='lat' dir='ltr'><strong>le</strong></span> <span class='ocrx_word' id='word_1_360' title='bbox 706 3143 900 3198; x_wconf 85' lang='lat' dir='ltr'><strong>lettere</strong></span> <span class='ocrx_word' id='word_1_361' title='bbox 937 3160 1070 3197; x_wconf 80' lang='lat' dir='ltr'><strong>sono</strong></span> <span class='ocrx_word' id='word_1_362' title='bbox 1107 3142 1174 3196; x_wconf 90' lang='lat' dir='ltr'><strong>de</strong></span> <span class='ocrx_word' id='word_1_363' title='bbox 1213 3144 1284 3210; x_wconf 88' lang='lat'><strong>6.‚</strong></span> <span class='ocrx_word' id='word_1_364' title='bbox 1319 3150 1378 3197; x_wconf 86' lang='lat' dir='ltr'><strong>et</strong></span> <span class='ocrx_word' id='word_1_365' title='bbox 1411 3142 1609 3196; x_wconf 91' lang='lat' dir='ltr'><strong>dicono</strong></span> <span class='ocrx_word' id='word_1_366' title='bbox 1646 3142 1750 3197; x_wconf 90' lang='lat' dir='ltr'><strong>che</strong></span> <span class='ocrx_word' id='word_1_367' title='bbox 1787 3141 1841 3195; x_wconf 88' lang='lat' dir='ltr'><strong>in</strong></span> <span class='ocrx_word' id='word_1_368' title='bbox 1881 3141 2011 3212; x_wconf 88' lang='lat' dir='ltr'><strong>quel</strong></span> <span class='ocrx_word' id='word_1_369' title='bbox 2046 3142 2241 3212; x_wconf 81' lang='lat' dir='ltr'>giorno</span> <span class='ocrx_word' id='word_1_370' title='bbox 2278 3159 2372 3195; x_wconf 87' lang='lat' dir='ltr'><strong>era</strong></span> <span class='ocrx_word' id='word_1_371' title='bbox 2408 3143 2603 3212; x_wconf 86' lang='lat' dir='ltr'><strong>giunto</strong></span> <span class='ocrx_word' id='word_1_372' title='bbox 2642 3161 2714 3196; x_wconf 88' lang='lat' dir='ltr'><strong>un</strong></span> <span class='ocrx_word' id='word_1_373' title='bbox 2745 3142 3071 3197; x_wconf 85' lang='lat' dir='ltr'><strong>cancelliero</strong></span> <span class='ocrx_word' id='word_1_374' title='bbox 3095 3143 3186 3197; x_wconf 87' lang='lat' dir='ltr'><strong>del</strong></span> 
     </span>
     <span class='ocr_line' id='line_1_30' title="bbox 523 3227 3184 3303; baseline -0 -17"><span class='ocrx_word' id='word_1_375' title='bbox 523 3233 710 3303; x_wconf 79' lang='lat' dir='ltr'><strong>signor</strong></span> <span class='ocrx_word' id='word_1_376' title='bbox 757 3239 917 3287; x_wconf 77' lang='lat' dir='ltr'><strong>conte</strong></span> <span class='ocrx_word' id='word_1_377' title='bbox 969 3231 1278 3286; x_wconf 78' lang='lat' dir='ltr'><strong>Francesco</strong></span> <span class='ocrx_word' id='word_1_378' title='bbox 1329 3231 1400 3285; x_wconf 85' lang='lat' dir='ltr'><strong>da</strong></span> <span class='ocrx_word' id='word_1_379' title='bbox 1449 3230 1793 3299; x_wconf 85' lang='lat' dir='ltr'><strong>Landriano,</strong></span> <span class='ocrx_word' id='word_1_380' title='bbox 1845 3231 1948 3285; x_wconf 90' lang='lat' dir='ltr'><strong>che</strong></span> <span class='ocrx_word' id='word_1_381' title='bbox 2001 3227 2090 3284; x_wconf 69' lang='lat' dir='ltr'><strong>sta</strong></span> <span class='ocrx_word' id='word_1_382' title='bbox 2137 3231 2249 3286; x_wconf 89' lang='grc'><em>8118</em></span> <span class='ocrx_word' id='word_1_383' title='bbox 2295 3239 2447 3285; x_wconf 83' lang='lat' dir='ltr'><strong>corte</strong></span> <span class='ocrx_word' id='word_1_384' title='bbox 2483 3229 2719 3287; x_wconf 80' lang='lat' dir='ltr'><strong>Cesarea</strong></span> <span class='ocrx_word' id='word_1_385' title='bbox 2767 3248 2867 3302; x_wconf 86' lang='lat' dir='ltr'><strong>per</strong></span> <span class='ocrx_word' id='word_1_386' title='bbox 2903 3249 3060 3286; x_wconf 89' lang='lat' dir='ltr'><strong>nome</strong></span> <span class='ocrx_word' id='word_1_387' title='bbox 3096 3232 3184 3286; x_wconf 87' lang='lat' dir='ltr'><strong>del</strong></span> 
     </span>
     <span class='ocr_line' id='line_1_31' title="bbox 523 3319 3183 3393; baseline 0 -18"><span class='ocrx_word' id='word_1_388' title='bbox 523 3323 709 3393; x_wconf 77' lang='lat' dir='ltr'><strong>signor</strong></span> <span class='ocrx_word' id='word_1_389' title='bbox 758 3322 1040 3377; x_wconf 77' lang='lat' dir='ltr'><strong>marchese</strong></span> <span class='ocrx_word' id='word_1_390' title='bbox 1086 3321 1173 3376; x_wconf 80' lang='lat' dir='ltr'><strong>dei</strong></span> <span class='ocrx_word' id='word_1_391' title='bbox 1212 3321 1385 3375; x_wconf 78' lang='lat' dir='ltr'><strong>Vasto</strong></span> <span class='ocrx_word' id='word_1_392' title='bbox 1434 3319 1569 3390; x_wconf 77' lang='lat'><em>[091.</em></span> <span class='ocrx_word' id='word_1_393' title='bbox 1609 3321 1857 3374; x_wconf 78' lang='lat' dir='ltr'><strong>Menum.</strong></span> <span class='ocrx_word' id='word_1_394' title='bbox 1902 3320 2056 3374; x_wconf 80' lang='lat' dir='ltr'><strong>Trid.</strong></span> <span class='ocrx_word' id='word_1_395' title='bbox 2100 3336 2187 3374; x_wconf 79' lang='lat' dir='ltr'><strong>nr.</strong></span> <span class='ocrx_word' id='word_1_396' title='bbox 2224 3319 2321 3389; x_wconf 88' lang='lat'><strong>13]</strong></span> <span class='ocrx_word' id='word_1_397' title='bbox 2371 3327 2427 3374; x_wconf 88' lang='lat' dir='ltr'><strong>et</strong></span> <span class='ocrx_word' id='word_1_398' title='bbox 2476 3320 2549 3374; x_wconf 90' lang='lat' dir='ltr'><strong>ha</strong></span> <span class='ocrx_word' id='word_1_399' title='bbox 2597 3321 2812 3391; x_wconf 77' lang='lat' dir='ltr'><strong>spedito</strong></span> <span class='ocrx_word' id='word_1_400' title='bbox 2856 3321 3009 3376; x_wconf 81' lang='lat' dir='ltr'><strong>detto</strong></span> <span class='ocrx_word' id='word_1_401' title='bbox 3058 3338 3183 3376; x_wconf 86' lang='lat' dir='ltr'><strong>can-</strong></span> 
     </span>
     <span class='ocr_line' id='line_1_32' title="bbox 431 3405 3186 3482; baseline -0.001 -16"><span class='ocrx_word' id='word_1_402' title='bbox 431 3413 503 3467; x_wconf 85' lang='lat'><strong>30</strong></span> <span class='ocrx_word' id='word_1_403' title='bbox 522 3412 742 3467; x_wconf 82' lang='lat' dir='ltr'><strong>ceiliero</strong></span> <span class='ocrx_word' id='word_1_404' title='bbox 777 3429 812 3466; x_wconf 89' lang='lat' dir='ltr'><strong>a</strong></span> <span class='ocrx_word' id='word_1_405' title='bbox 848 3420 1011 3482; x_wconf 72' lang='lat' dir='ltr'><strong>posta</strong></span> <span class='ocrx_word' id='word_1_406' title='bbox 1047 3428 1148 3466; x_wconf 92' lang='lat' dir='ltr'><strong>con</strong></span> <span class='ocrx_word' id='word_1_407' title='bbox 1187 3411 1373 3465; x_wconf 78' lang='lat' dir='ltr'><strong>avviso</strong></span> <span class='ocrx_word' id='word_1_408' title='bbox 1411 3410 1513 3465; x_wconf 87' lang='lat' dir='ltr'><strong>che</strong></span> <span class='ocrx_word' id='word_1_409' title='bbox 1550 3410 1646 3464; x_wconf 88' lang='lat' dir='ltr'><strong>alli</strong></span> <span class='ocrx_word' id='word_1_410' title='bbox 1683 3413 1744 3464; x_wconf 79' lang='lat'><strong>‘21</strong></span> <span class='ocrx_word' id='word_1_411' title='bbox 1787 3410 1876 3463; x_wconf 89' lang='lat' dir='ltr'><strong>del</strong></span> <span class='ocrx_word' id='word_1_412' title='bbox 1914 3416 2138 3480; x_wconf 77' lang='lat' dir='ltr'><strong>passato</strong></span> <span class='ocrx_word' id='word_1_413' title='bbox 2177 3408 2291 3464; x_wconf 89' lang='lat' dir='ltr'><strong>Sua</strong></span> <span class='ocrx_word' id='word_1_414' title='bbox 2326 3405 2542 3464; x_wconf 66' lang='lat' dir='ltr'><strong>Maesta</strong></span> <span class='ocrx_word' id='word_1_415' title='bbox 2579 3408 2815 3465; x_wconf 80' lang='lat' dir='ltr'><strong>Cesarea</strong></span> <span class='ocrx_word' id='word_1_416' title='bbox 2850 3406 3091 3463; x_wconf 77' lang='lat' dir='ltr'><strong>dichiaro</strong></span> <span class='ocrx_word' id='word_1_417' title='bbox 3128 3409 3186 3463; x_wconf 86' lang='lat' dir='ltr'><strong>di</strong></span> 
     </span>
     <span class='ocr_line' id='line_1_33' title="bbox 521 3496 3184 3571; baseline 0 -17"><span class='ocrx_word' id='word_1_418' title='bbox 521 3500 654 3554; x_wconf 86' lang='lat' dir='ltr'><strong>dare</strong></span> <span class='ocrx_word' id='word_1_419' title='bbox 691 3501 744 3554; x_wconf 89' lang='lat' dir='ltr'><strong>la</strong></span> <span class='ocrx_word' id='word_1_420' title='bbox 779 3498 991 3571; x_wconf 81' lang='lat' dir='ltr'><strong>figliola</strong></span> <span class='ocrx_word' id='word_1_421' title='bbox 1025 3500 1077 3553; x_wconf 90' lang='grc'><strong>81</strong></span> <span class='ocrx_word' id='word_1_422' title='bbox 1116 3499 1260 3553; x_wconf 86' lang='lat' dir='ltr'><strong>duca</strong></span> <span class='ocrx_word' id='word_1_423' title='bbox 1296 3498 1566 3554; x_wconf 80' lang='lat' dir='ltr'><strong>d&#39;Orliene</strong></span> <span class='ocrx_word' id='word_1_424' title='bbox 1604 3500 1689 3554; x_wconf 87' lang='lat' dir='ltr'><strong>col</strong></span> <span class='ocrx_word' id='word_1_425' title='bbox 1727 3506 1875 3553; x_wconf 78' lang='lat' dir='ltr'><strong>stato</strong></span> <span class='ocrx_word' id='word_1_426' title='bbox 1913 3499 1970 3552; x_wconf 89' lang='lat' dir='ltr'><strong>di</strong></span> <span class='ocrx_word' id='word_1_427' title='bbox 2010 3497 2231 3562; x_wconf 85' lang='lat' dir='ltr'><strong>Milano‚</strong></span> <span class='ocrx_word' id='word_1_428' title='bbox 2269 3517 2303 3552; x_wconf 86' lang='lat' dir='ltr'><strong>a</strong></span> <span class='ocrx_word' id='word_1_429' title='bbox 2340 3506 2536 3569; x_wconf 79' lang='lat' dir='ltr'><strong>questo</strong></span> <span class='ocrx_word' id='word_1_430' title='bbox 2574 3499 2733 3553; x_wconf 89' lang='lat' dir='ltr'><strong>modo</strong></span> <span class='ocrx_word' id='word_1_431' title='bbox 2770 3496 2902 3569; x_wconf 78' lang='lat' dir='ltr'><strong>pero</strong></span> <span class='ocrx_word' id='word_1_432' title='bbox 2940 3499 3042 3555; x_wconf 89' lang='lat' dir='ltr'><strong>che</strong></span> <span class='ocrx_word' id='word_1_433' title='bbox 3071 3498 3184 3554; x_wconf 80' lang='lat' dir='ltr'><strong>Sua</strong></span> 
     </span>
     <span class='ocr_line' id='line_1_34' title="bbox 523 3586 3180 3659; baseline 0 -18"><span class='ocrx_word' id='word_1_434' title='bbox 523 3587 738 3644; x_wconf 72' lang='lat' dir='ltr'><strong>Maesta</strong></span> <span class='ocrx_word' id='word_1_435' title='bbox 774 3590 819 3643; x_wconf 80' lang='lat' dir='ltr'><strong>si</strong></span> <span class='ocrx_word' id='word_1_436' title='bbox 859 3590 1066 3644; x_wconf 81' lang='lat' dir='ltr'><strong>riserva</strong></span> <span class='ocrx_word' id='word_1_437' title='bbox 1100 3589 1140 3643; x_wconf 85' lang='lat' dir='ltr'><strong>il</strong></span> <span class='ocrx_word' id='word_1_438' title='bbox 1179 3589 1417 3643; x_wconf 85' lang='lat' dir='ltr'><strong>dominio</strong></span> <span class='ocrx_word' id='word_1_439' title='bbox 1455 3589 1508 3642; x_wconf 89' lang='lat' dir='ltr'><strong>in</strong></span> <span class='ocrx_word' id='word_1_440' title='bbox 1550 3589 1664 3643; x_wconf 81' lang='lat' dir='ltr'><strong>vita</strong></span> <span class='ocrx_word' id='word_1_441' title='bbox 1699 3606 1828 3655; x_wconf 81' lang='lat' dir='ltr'><strong>sua,</strong></span> <span class='ocrx_word' id='word_1_442' title='bbox 1878 3588 2114 3644; x_wconf 79' lang='lat' dir='ltr'><strong>tenendo</strong></span> <span class='ocrx_word' id='word_1_443' title='bbox 2165 3588 2214 3642; x_wconf 92' lang='grc' dir='ltr'><em>1ε</em></span> <span class='ocrx_word' id='word_1_444' title='bbox 2252 3587 2488 3642; x_wconf 85' lang='lat' dir='ltr'><strong>fortezze</strong></span> <span class='ocrx_word' id='word_1_445' title='bbox 2534 3589 2588 3642; x_wconf 88' lang='lat' dir='ltr'><strong>in</strong></span> <span class='ocrx_word' id='word_1_446' title='bbox 2627 3607 2727 3643; x_wconf 78' lang='lat' dir='ltr'><strong>suo</strong></span> <span class='ocrx_word' id='word_1_447' title='bbox 2763 3595 2980 3659; x_wconf 84' lang='lat' dir='ltr'><strong>potere,</strong></span> <span class='ocrx_word' id='word_1_448' title='bbox 3018 3595 3075 3642; x_wconf 82' lang='lat' dir='ltr'><strong>et</strong></span> <span class='ocrx_word' id='word_1_449' title='bbox 3110 3586 3180 3642; x_wconf 68' lang='lat' dir='ltr'><strong>da</strong></span> 
     </span>
     <span class='ocr_line' id='line_1_35' title="bbox 520 3676 3184 3749; baseline -0.001 -16"><span class='ocrx_word' id='word_1_450' title='bbox 520 3679 686 3733; x_wconf 84' lang='lat' dir='ltr'><strong>titulo</strong></span> <span class='ocrx_word' id='word_1_451' title='bbox 722 3678 778 3733; x_wconf 89' lang='lat' dir='ltr'><strong>di</strong></span> <span class='ocrx_word' id='word_1_452' title='bbox 817 3696 918 3732; x_wconf 78' lang='lat' dir='ltr'><strong>suo</strong></span> <span class='ocrx_word' id='word_1_453' title='bbox 955 3678 1299 3733; x_wconf 80' lang='lat' dir='ltr'><strong>locotenente</strong></span> <span class='ocrx_word' id='word_1_454' title='bbox 1336 3678 1391 3731; x_wconf 89' lang='lat' dir='ltr'><strong>in</strong></span> <span class='ocrx_word' id='word_1_455' title='bbox 1429 3677 1594 3732; x_wconf 88' lang='lat' dir='ltr'><strong>Italia</strong></span> <span class='ocrx_word' id='word_1_456' title='bbox 1629 3678 1681 3731; x_wconf 89' lang='grc'><em>81</em></span> <span class='ocrx_word' id='word_1_457' title='bbox 1720 3677 1935 3749; x_wconf 84' lang='lat' dir='ltr'><strong>prefato</strong></span> <span class='ocrx_word' id='word_1_458' title='bbox 1984 3677 2129 3732; x_wconf 87' lang='lat' dir='ltr'><strong>duca</strong></span> <span class='ocrx_word' id='word_1_459' title='bbox 2163 3677 2436 3733; x_wconf 79' lang='lat' dir='ltr'><strong>d&#39;Orliens</strong></span> <span class='ocrx_word' id='word_1_460' title='bbox 2486 3695 2587 3732; x_wconf 88' lang='lat' dir='ltr'><strong>con</strong></span> <span class='ocrx_word' id='word_1_461' title='bbox 2643 3679 2865 3732; x_wconf 87' lang='grc'><em>100000</em></span> <span class='ocrx_word' id='word_1_462' title='bbox 2901 3677 3089 3732; x_wconf 85' lang='lat' dir='ltr'><strong>ducati</strong></span> <span class='ocrx_word' id='word_1_463' title='bbox 3126 3676 3184 3730; x_wconf 88' lang='lat' dir='ltr'><strong>di</strong></span> 
     </span>
     <span class='ocr_line' id='line_1_36' title="bbox 523 3764 3185 3839; baseline 0 -18"><span class='ocrx_word' id='word_1_464' title='bbox 523 3769 728 3824; x_wconf 78' lang='lat' dir='ltr'><strong>intrata</strong></span> <span class='ocrx_word' id='word_1_465' title='bbox 764 3768 961 3837; x_wconf 78' lang='lat' dir='ltr'><strong>Panno,</strong></span> <span class='ocrx_word' id='word_1_466' title='bbox 998 3774 1055 3821; x_wconf 81' lang='lat' dir='ltr'><strong>et</strong></span> <span class='ocrx_word' id='word_1_467' title='bbox 1093 3764 1305 3822; x_wconf 71' lang='lat' dir='ltr'><strong>testata</strong></span> <span class='ocrx_word' id='word_1_468' title='bbox 1341 3768 1601 3839; x_wconf 83' lang='lat' dir='ltr'><strong>capitano</strong></span> <span class='ocrx_word' id='word_1_469' title='bbox 1637 3768 1891 3838; x_wconf 85' lang='lat' dir='ltr'><strong>generale</strong></span> <span class='ocrx_word' id='word_1_470' title='bbox 1927 3768 1967 3821; x_wconf 86' lang='lat' dir='ltr'><strong>il</strong></span> <span class='ocrx_word' id='word_1_471' title='bbox 2005 3769 2192 3837; x_wconf 80' lang='lat' dir='ltr'><strong>signer</strong></span> <span class='ocrx_word' id='word_1_472' title='bbox 2227 3767 2511 3822; x_wconf 71' lang='lat' dir='ltr'><strong>man-cheae</strong></span> <span class='ocrx_word' id='word_1_473' title='bbox 2546 3768 2634 3822; x_wconf 83' lang='lat' dir='ltr'><strong>dei</strong></span> <span class='ocrx_word' id='word_1_474' title='bbox 2672 3768 2862 3835; x_wconf 80' lang='lat' dir='ltr'><strong>vasto,</strong></span> <span class='ocrx_word' id='word_1_475' title='bbox 2902 3784 3054 3823; x_wconf 87' lang='lat' dir='ltr'><strong>come</strong></span> <span class='ocrx_word' id='word_1_476' title='bbox 3091 3784 3185 3822; x_wconf 80' lang='lat' dir='ltr'><strong>era</strong></span> 
     </span>
     <span class='ocr_line' id='line_1_37' title="bbox 431 3855 3181 3928; baseline -0 -17"><span class='ocrx_word' id='word_1_477' title='bbox 431 3859 504 3912; x_wconf 82' lang='lat'><strong>35</strong></span> <span class='ocrx_word' id='word_1_478' title='bbox 523 3858 560 3911; x_wconf 86' lang='lat' dir='ltr'><strong>il</strong></span> <span class='ocrx_word' id='word_1_479' title='bbox 599 3858 788 3927; x_wconf 79' lang='lat' dir='ltr'><strong>signor</strong></span> <span class='ocrx_word' id='word_1_480' title='bbox 823 3856 1067 3911; x_wconf 70' lang='lat' dir='ltr'><strong>Ant-onio</strong></span> <span class='ocrx_word' id='word_1_481' title='bbox 1102 3857 1175 3912; x_wconf 89' lang='lat' dir='ltr'><strong>da</strong></span> <span class='ocrx_word' id='word_1_482' title='bbox 1213 3857 1363 3912; x_wconf 86' lang='lat' dir='ltr'><strong>Leva</strong></span> <span class='ocrx_word' id='word_1_483' title='bbox 1397 3874 1658 3928; x_wconf 78' lang='lat' dir='ltr'><strong>appresso</strong></span> <span class='ocrx_word' id='word_1_484' title='bbox 1696 3857 1732 3911; x_wconf 84' lang='lat' dir='ltr'><strong>il</strong></span> <span class='ocrx_word' id='word_1_485' title='bbox 1770 3858 1915 3912; x_wconf 87' lang='lat' dir='ltr'><strong>duca</strong></span> <span class='ocrx_word' id='word_1_486' title='bbox 1951 3857 2007 3911; x_wconf 89' lang='lat' dir='ltr'><strong>di</strong></span> <span class='ocrx_word' id='word_1_487' title='bbox 2048 3857 2265 3911; x_wconf 84' lang='lat' dir='ltr'><strong>Milano.</strong></span> <span class='ocrx_word' id='word_1_488' title='bbox 2342 3866 2398 3911; x_wconf 84' lang='lat' dir='ltr'><strong>et</strong></span> <span class='ocrx_word' id='word_1_489' title='bbox 2434 3858 2480 3911; x_wconf 80' lang='lat' dir='ltr'><strong>si</strong></span> <span class='ocrx_word' id='word_1_490' title='bbox 2518 3857 2640 3913; x_wconf 88' lang='lat' dir='ltr'><strong>dice</strong></span> <span class='ocrx_word' id='word_1_491' title='bbox 2676 3859 2780 3913; x_wconf 90' lang='lat' dir='ltr'><strong>che</strong></span> <span class='ocrx_word' id='word_1_492' title='bbox 2817 3856 2948 3912; x_wconf 76' lang='lat' dir='ltr'><strong>tutti</strong></span> <span class='ocrx_word' id='word_1_493' title='bbox 2989 3858 3023 3910; x_wconf 85' lang='lat' dir='ltr'><strong>li</strong></span> <span class='ocrx_word' id='word_1_494' title='bbox 3063 3855 3181 3910; x_wconf 88' lang='lat' dir='ltr'><strong>offi-</strong></span> 
     </span>
     <span class='ocr_line' id='line_1_38' title="bbox 519 3947 3183 4017; baseline 0 -16"><span class='ocrx_word' id='word_1_495' title='bbox 519 3947 637 4001; x_wconf 76' lang='lat' dir='ltr'><strong>tiali</strong></span> <span class='ocrx_word' id='word_1_496' title='bbox 675 3947 764 4001; x_wconf 87' lang='lat' dir='ltr'><strong>del</strong></span> <span class='ocrx_word' id='word_1_497' title='bbox 802 3954 950 4001; x_wconf 78' lang='lat' dir='ltr'><strong>stato</strong></span> <span class='ocrx_word' id='word_1_498' title='bbox 987 3955 1306 4001; x_wconf 72' lang='lat' dir='ltr'><strong>restaranno</strong></span> <span class='ocrx_word' id='word_1_499' title='bbox 1343 3964 1497 4001; x_wconf 85' lang='lat' dir='ltr'><strong>come</strong></span> <span class='ocrx_word' id='word_1_500' title='bbox 1533 3947 1587 4001; x_wconf 88' lang='grc'><em>81</em></span> <span class='ocrx_word' id='word_1_501' title='bbox 1623 3955 1878 4017; x_wconf 83' lang='lat' dir='ltr'><strong>presente</strong></span> <span class='ocrx_word' id='word_1_502' title='bbox 1915 3947 1961 4001; x_wconf 83' lang='lat' dir='ltr'><strong>si</strong></span> <span class='ocrx_word' id='word_1_503' title='bbox 2001 3954 2227 4001; x_wconf 78' lang='lat' dir='ltr'><strong>trovano</strong></span> <span class='ocrx_word' id='word_1_504' title='bbox 2257 3947 2343 4001; x_wconf 87' lang='lat' dir='ltr'><strong>nel</strong></span> <span class='ocrx_word' id='word_1_505' title='bbox 2380 3954 2527 4002; x_wconf 83' lang='lat' dir='ltr'><strong>stato</strong></span> <span class='ocrx_word' id='word_1_506' title='bbox 2567 3948 2622 4001; x_wconf 91' lang='lat' dir='ltr'><strong>di</strong></span> <span class='ocrx_word' id='word_1_507' title='bbox 2654 3947 2873 4001; x_wconf 80' lang='lat' dir='ltr'><strong>Milano.</strong></span> <span class='ocrx_word' id='word_1_508' title='bbox 2948 3964 3183 4001; x_wconf 80' lang='lat' dir='ltr'><strong>nessuno</strong></span> 
     </span>
     <span class='ocr_line' id='line_1_39' title="bbox 519 4036 3185 4106; baseline -0 -15"><span class='ocrx_word' id='word_1_509' title='bbox 519 4037 587 4091; x_wconf 84' lang='lat' dir='ltr'><strong>de</strong></span> <span class='ocrx_word' id='word_1_510' title='bbox 624 4038 730 4092; x_wconf 86' lang='lat' dir='ltr'><strong>due</strong></span> <span class='ocrx_word' id='word_1_511' title='bbox 758 4037 960 4091; x_wconf 78' lang='lat' dir='ltr'><strong>oratori</strong></span> <span class='ocrx_word' id='word_1_512' title='bbox 1000 4038 1161 4103; x_wconf 76' lang='lat' dir='ltr'><em>(wohl</em></span> <span class='ocrx_word' id='word_1_513' title='bbox 1188 4038 1288 4092; x_wconf 79' lang='lat' dir='ltr'><strong>der</strong></span> <span class='ocrx_word' id='word_1_514' title='bbox 1314 4038 1752 4091; x_wconf 72' lang='lat' dir='ltr'><strong>venetianischen</strong></span> <span class='ocrx_word' id='word_1_515' title='bbox 1783 4037 2055 4092; x_wconf 77' lang='lat' dir='ltr'><strong>Oratoren</strong></span> <span class='ocrx_word' id='word_1_516' title='bbox 2084 4038 2217 4091; x_wconf 76' lang='lat' dir='ltr'><strong>beim</strong></span> <span class='ocrx_word' id='word_1_517' title='bbox 2246 4037 2452 4091; x_wconf 66' lang='lat' dir='ltr'><strong>Kaisar</strong></span> <span class='ocrx_word' id='word_1_518' title='bbox 2479 4036 2601 4090; x_wconf 80' lang='lat' dir='ltr'><strong>und</strong></span> <span class='ocrx_word' id='word_1_519' title='bbox 2629 4036 2713 4090; x_wconf 77' lang='lat' dir='ltr'><strong>bei</strong></span> <span class='ocrx_word' id='word_1_520' title='bbox 2742 4037 2933 4104; x_wconf 68' lang='lat' dir='ltr'><strong>Koniy</strong></span> <span class='ocrx_word' id='word_1_521' title='bbox 2968 4037 3185 4106; x_wconf 65' lang='lat' dir='ltr'><strong>Franz)</strong></span> 
     </span>
     <span class='ocr_line' id='line_1_40' title="bbox 520 4125 3182 4198; baseline 0 -17"><span class='ocrx_word' id='word_1_522' title='bbox 520 4144 628 4181; x_wconf 90' lang='lat' dir='ltr'><strong>non</strong></span> <span class='ocrx_word' id='word_1_523' title='bbox 666 4128 740 4182; x_wconf 90' lang='lat' dir='ltr'><strong>ha</strong></span> <span class='ocrx_word' id='word_1_524' title='bbox 775 4144 915 4181; x_wconf 84' lang='lat' dir='ltr'><strong>nova</strong></span> <span class='ocrx_word' id='word_1_525' title='bbox 950 4127 1004 4180; x_wconf 86' lang='lat' dir='ltr'><strong>di</strong></span> <span class='ocrx_word' id='word_1_526' title='bbox 1043 4137 1242 4198; x_wconf 80' lang='lat' dir='ltr'><strong>questa</strong></span> <span class='ocrx_word' id='word_1_527' title='bbox 1277 4145 1421 4183; x_wconf 75' lang='lat' dir='ltr'><strong>cosa.</strong></span> <span class='ocrx_word' id='word_1_528' title='bbox 1474 4156 1540 4167; x_wconf 89' lang='lat'>-</span> <span class='ocrx_word' id='word_1_529' title='bbox 1592 4126 1734 4181; x_wconf 85' lang='lat' dir='ltr'><strong>Dem</strong></span> <span class='ocrx_word' id='word_1_530' title='bbox 1772 4127 1974 4197; x_wconf 76' lang='lat' dir='ltr'><strong>Papste</strong></span> <span class='ocrx_word' id='word_1_531' title='bbox 2025 4127 2133 4181; x_wconf 75' lang='lat' dir='ltr'><strong>den</strong></span> <span class='ocrx_word' id='word_1_532' title='bbox 2168 4128 2364 4181; x_wconf 73' lang='lat' dir='ltr'><strong>Inkalt</strong></span> <span class='ocrx_word' id='word_1_533' title='bbox 2415 4127 2517 4180; x_wconf 77' lang='lat' dir='ltr'><strong>der</strong></span> <span class='ocrx_word' id='word_1_534' title='bbox 2564 4125 2937 4181; x_wconf 73' lang='lat' dir='ltr'><strong>Deklaratt&#39;on</strong></span> <span class='ocrx_word' id='word_1_535' title='bbox 2986 4127 3182 4181; x_wconf 69' lang='lat' dir='ltr'><strong>mileu·</strong></span> 
     </span>
     <span class='ocr_line' id='line_1_41' title="bbox 524 4215 3182 4285; baseline 0 -15"><span class='ocrx_word' id='word_1_536' title='bbox 524 4217 702 4283; x_wconf 68' lang='lat' dir='ltr'><strong>wilm,</strong></span> <span class='ocrx_word' id='word_1_537' title='bbox 739 4216 931 4271; x_wconf 72' lang='lat' dir='ltr'><strong>warde</strong></span> <span class='ocrx_word' id='word_1_538' title='bbox 967 4215 1066 4270; x_wconf 78' lang='lat' dir='ltr'><strong>der</strong></span> <span class='ocrx_word' id='word_1_539' title='bbox 1100 4216 1419 4271; x_wconf 61' lang='lat' dir='ltr'><strong>kaiser-licha</strong></span> <span class='ocrx_word' id='word_1_540' title='bbox 1470 4216 1746 4272; x_wconf 74' lang='lat' dir='ltr'><strong>Gesandte</strong></span> <span class='ocrx_word' id='word_1_541' title='bbox 1793 4218 1858 4271; x_wconf 74' lang='lat' dir='ltr'><strong>in</strong></span> <span class='ocrx_word' id='word_1_542' title='bbox 1893 4217 2064 4284; x_wconf 82' lang='lat' dir='ltr'><strong>Rom,</strong></span> <span class='ocrx_word' id='word_1_543' title='bbox 2115 4217 2275 4270; x_wconf 79' lang='lat' dir='ltr'><strong>Juan</strong></span> <span class='ocrx_word' id='word_1_544' title='bbox 2324 4216 2389 4270; x_wconf 79' lang='lat' dir='ltr'><strong>de</strong></span> <span class='ocrx_word' id='word_1_545' title='bbox 2437 4216 2609 4285; x_wconf 75' lang='lat' dir='ltr'><strong>Veqa,</strong></span> <span class='ocrx_word' id='word_1_546' title='bbox 2658 4234 2749 4270; x_wconf 80' lang='lat' dir='ltr'><strong>am</strong></span> <span class='ocrx_word' id='word_1_547' title='bbox 2797 4219 2831 4268; x_wconf 77' lang='lat'><strong><em>4</em></strong></span> <span class='ocrx_word' id='word_1_548' title='bbox 2868 4216 3036 4270; x_wconf 68' lang='grc' dir='ltr'><strong>Μᾱνε</strong></span> <span class='ocrx_word' id='word_1_549' title='bbox 3080 4234 3182 4270; x_wconf 74' lang='grc' dir='ltr'><strong>απ-</strong></span> 
     </span>
     <span class='ocr_line' id='line_1_42' title="bbox 430 4305 3183 4376; baseline 0 -16"><span class='ocrx_word' id='word_1_550' title='bbox 430 4306 809 4376; x_wconf 64' lang='lat'><strong>409210523022:</strong></span> <span class='ocrx_word' id='word_1_551' title='bbox 845 4306 949 4376; x_wconf 76' lang='lat' dir='ltr'><em>vql.</em></span> <span class='ocrx_word' id='word_1_552' title='bbox 986 4323 1032 4359; x_wconf 87' lang='lat' dir='ltr'><strong>v.</strong></span> <span class='ocrx_word' id='word_1_553' title='bbox 1070 4305 1308 4374; x_wconf 81' lang='lat' dir='ltr'><strong>Druffel,</strong></span> <span class='ocrx_word' id='word_1_554' title='bbox 1346 4305 1504 4360; x_wconf 73' lang='lat' dir='ltr'><strong>Mon.</strong></span> <span class='ocrx_word' id='word_1_555' title='bbox 1537 4307 1688 4360; x_wconf 66' lang='lat' dir='ltr'><strong>Pria.</strong></span> <span class='ocrx_word' id='word_1_556' title='bbox 1725 4323 1810 4360; x_wconf 80' lang='lat' dir='ltr'><strong>nr.</strong></span> <span class='ocrx_word' id='word_1_557' title='bbox 1838 4310 1914 4361; x_wconf 82' lang='lat'><strong>22</strong></span> <span class='ocrx_word' id='word_1_558' title='bbox 1942 4310 2105 4361; x_wconf 77' lang='lat' dir='ltr'><strong>sowie</strong></span> <span class='ocrx_word' id='word_1_559' title='bbox 2133 4307 2223 4361; x_wconf 75' lang='lat' dir='ltr'><strong>die</strong></span> <span class='ocrx_word' id='word_1_560' title='bbox 2251 4306 2812 4372; x_wconf 69' lang='lat' dir='ltr'><strong>Konsistorialakten,</strong></span> <span class='ocrx_word' id='word_1_561' title='bbox 2842 4306 3034 4361; x_wconf 78' lang='lat' dir='ltr'><strong>welche</strong></span> <span class='ocrx_word' id='word_1_562' title='bbox 3058 4322 3183 4361; x_wconf 74' lang='lat' dir='ltr'><strong>zum</strong></span> 
     </span>
     <span class='ocr_line' id='line_1_43' title="bbox 517 4391 3184 4466; baseline 0 -17"><span class='ocrx_word' id='word_1_563' title='bbox 517 4399 595 4449; x_wconf 74' lang='lat'><strong>23</strong></span> <span class='ocrx_word' id='word_1_564' title='bbox 643 4395 804 4449; x_wconf 69' lang='lat' dir='ltr'><strong>Meirz</strong></span> <span class='ocrx_word' id='word_1_565' title='bbox 851 4394 1090 4461; x_wconf 79' lang='lat' dir='ltr'><strong>melden,</strong></span> <span class='ocrx_word' id='word_1_566' title='bbox 1142 4391 1263 4463; x_wconf 69' lang='lat' dir='ltr'><strong>dost</strong></span> <span class='ocrx_word' id='word_1_567' title='bbox 1312 4394 1410 4449; x_wconf 78' lang='lat' dir='ltr'><strong>der</strong></span> <span class='ocrx_word' id='word_1_568' title='bbox 1461 4395 1639 4462; x_wconf 78' lang='lat' dir='ltr'><strong>Papst</strong></span> <span class='ocrx_word' id='word_1_569' title='bbox 1689 4395 1795 4449; x_wconf 73' lang='lat' dir='ltr'><strong>den</strong></span> <span class='ocrx_word' id='word_1_570' title='bbox 1844 4394 2206 4450; x_wconf 71' lang='lat' dir='ltr'><strong>Kardimilcn</strong></span> <span class='ocrx_word' id='word_1_571' title='bbox 2253 4396 2675 4451; x_wconf 77' lang='lat' dir='ltr'><strong>declarationem</strong></span> <span class='ocrx_word' id='word_1_572' title='bbox 2725 4396 2879 4466; x_wconf 81' lang='lat' dir='ltr'><strong>pacis</strong></span> <span class='ocrx_word' id='word_1_573' title='bbox 2928 4412 3093 4466; x_wconf 87' lang='lat' dir='ltr'><strong>quam</strong></span> <span class='ocrx_word' id='word_1_574' title='bbox 3149 4413 3184 4450; x_wconf 89' lang='grc'><em>8</em></span> 
     </span>
     <span class='ocr_line' id='line_1_44' title="bbox 519 4484 3181 4554; baseline 0 -15"><span class='ocrx_word' id='word_1_575' title='bbox 519 4484 752 4539; x_wconf 74' lang='lat' dir='ltr'><strong>Caesare</strong></span> <span class='ocrx_word' id='word_1_576' title='bbox 788 4492 1082 4554; x_wconf 78' lang='lat' dir='ltr'><strong>acceperat</strong></span> <span class='ocrx_word' id='word_1_577' title='bbox 1116 4485 1509 4554; x_wconf 71' lang='lat' dir='ltr'><strong>verkie‘ndiqte‚</strong></span> <span class='ocrx_word' id='word_1_578' title='bbox 1559 4485 1813 4540; x_wconf 77' lang='lat' dir='ltr'><strong>videlicet</strong></span> <span class='ocrx_word' id='word_1_579' title='bbox 1851 4495 1913 4540; x_wconf 87' lang='lat' dir='ltr'><strong>ut</strong></span> <span class='ocrx_word' id='word_1_580' title='bbox 1949 4486 2324 4540; x_wconf 79' lang='lat' dir='ltr'><strong>declaraverat</strong></span> <span class='ocrx_word' id='word_1_581' title='bbox 2359 4486 2489 4539; x_wconf 78' lang='lat' dir='ltr'><strong>dare</strong></span> <span class='ocrx_word' id='word_1_582' title='bbox 2526 4486 2581 4539; x_wconf 90' lang='lat' dir='ltr'><strong>in</strong></span> <span class='ocrx_word' id='word_1_583' title='bbox 2618 4490 2840 4540; x_wconf 84' lang='lat' dir='ltr'><strong>u&#39;xorem</strong></span> <span class='ocrx_word' id='word_1_584' title='bbox 2883 4485 3017 4539; x_wconf 64' lang='grc' dir='ltr'><strong>111111ο</strong></span> <span class='ocrx_word' id='word_1_585' title='bbox 3052 4485 3181 4541; x_wconf 88' lang='lat' dir='ltr'><strong>duci</strong></span> 
     </span>
     <span class='ocr_line' id='line_1_45' title="bbox 519 4572 3179 4645; baseline 0 -17"><span class='ocrx_word' id='word_1_586' title='bbox 519 4574 899 4629; x_wconf 78' lang='lat' dir='ltr'><strong>Aurelianensi</strong></span> <span class='ocrx_word' id='word_1_587' title='bbox 939 4574 1174 4642; x_wconf 83' lang='lat' dir='ltr'><strong>Annam,</strong></span> <span class='ocrx_word' id='word_1_588' title='bbox 1211 4572 1380 4628; x_wconf 84' lang='lat' dir='ltr'><strong>filiam</strong></span> <span class='ocrx_word' id='word_1_589' title='bbox 1419 4575 1563 4645; x_wconf 78' lang='lat' dir='ltr'><strong>regis</strong></span> <span class='ocrx_word' id='word_1_590' title='bbox 1594 4573 1981 4641; x_wconf 80' lang='lat' dir='ltr'><strong>Romanorum,</strong></span> <span class='ocrx_word' id='word_1_591' title='bbox 2019 4592 2145 4630; x_wconf 86' lang='lat' dir='ltr'><strong>cum</strong></span> <span class='ocrx_word' id='word_1_592' title='bbox 2183 4575 2390 4629; x_wconf 85' lang='lat' dir='ltr'><strong>ducatu</strong></span> <span class='ocrx_word' id='word_1_593' title='bbox 2422 4574 2809 4629; x_wconf 81' lang='lat' dir='ltr'><strong>Mediolanensi</strong></span> <span class='ocrx_word' id='word_1_594' title='bbox 2841 4577 3002 4645; x_wconf 80' lang='lat' dir='ltr'><strong>juxta</strong></span> <span class='ocrx_word' id='word_1_595' title='bbox 3032 4576 3179 4645; x_wconf 85' lang='lat' dir='ltr'><strong>capi-</strong></span> 
     </span>
     <span class='ocr_line' id='line_1_46' title="bbox 519 4654 3180 4733; baseline 0.001 -17"><span class='ocrx_word' id='word_1_596' title='bbox 519 4654 838 4720; x_wconf 81' lang='lat' dir='ltr'><strong>tulationem</strong></span> <span class='ocrx_word' id='word_1_597' title='bbox 875 4664 1020 4718; x_wconf 77' lang='lat' dir='ltr'><strong>inter</strong></span> <span class='ocrx_word' id='word_1_598' title='bbox 1055 4680 1147 4717; x_wconf 79' lang='lat' dir='ltr'><strong>eoe</strong></span> <span class='ocrx_word' id='word_1_599' title='bbox 1186 4664 1392 4718; x_wconf 86' lang='lat' dir='ltr'><strong>initam.</strong></span> <span class='ocrx_word' id='word_1_600' title='bbox 1459 4663 1617 4730; x_wconf 83' lang='lat' dir='ltr'><em>Rom,</em></span> <span class='ocrx_word' id='word_1_601' title='bbox 1655 4664 1773 4718; x_wconf 85' lang='lat' dir='ltr'><strong>cod.</strong></span> <span class='ocrx_word' id='word_1_602' title='bbox 1806 4663 2090 4718; x_wconf 75' lang='lat' dir='ltr'><strong>Bal-beria.</strong></span> <span class='ocrx_word' id='word_1_603' title='bbox 2122 4663 2373 4718; x_wconf 86' lang='lat' dir='ltr'>XXXVI</span> <span class='ocrx_word' id='word_1_604' title='bbox 2410 4666 2490 4718; x_wconf 82' lang='lat'><strong>13.</strong></span> <span class='ocrx_word' id='word_1_605' title='bbox 2555 4664 2722 4719; x_wconf 77' lang='lat' dir='ltr'><strong>Nach</strong></span> <span class='ocrx_word' id='word_1_606' title='bbox 2757 4665 2861 4720; x_wconf 79' lang='lat' dir='ltr'><strong>den</strong></span> <span class='ocrx_word' id='word_1_607' title='bbox 2897 4665 3180 4733; x_wconf 74' lang='lat' dir='ltr'><strong>tayebuch-</strong></span> 
     </span>
     <span class='ocr_line' id='line_1_47' title="bbox 429 4752 3181 4822; baseline 0.001 -17"><span class='ocrx_word' id='word_1_608' title='bbox 429 4753 501 4805; x_wconf 82' lang='lat'><strong>45</strong></span> <span class='ocrx_word' id='word_1_609' title='bbox 519 4755 738 4822; x_wconf 68' lang='lat' dir='ltr'><strong>artiyen</strong></span> <span class='ocrx_word' id='word_1_610' title='bbox 788 4752 1285 4822; x_wconf 73' lang='lat' dir='ltr'><strong>Auszeichmmyen</strong></span> <span class='ocrx_word' id='word_1_611' title='bbox 1338 4755 1416 4806; x_wconf 78' lang='lat' dir='ltr'><strong>im</strong></span> <span class='ocrx_word' id='word_1_612' title='bbox 1472 4753 1589 4806; x_wconf 90' lang='lat' dir='ltr'><strong>cod.</strong></span> <span class='ocrx_word' id='word_1_613' title='bbox 1646 4753 1769 4809; x_wconf 77' lang='lat' dir='ltr'><strong>vat.</strong></span> <span class='ocrx_word' id='word_1_614' title='bbox 1822 4755 1963 4807; x_wconf 71' lang='lat'><strong>0978</strong></span> <span class='ocrx_word' id='word_1_615' title='bbox 2019 4772 2137 4808; x_wconf 79' lang='lat' dir='ltr'><strong>war</strong></span> <span class='ocrx_word' id='word_1_616' title='bbox 2192 4755 2281 4808; x_wconf 79' lang='lat' dir='ltr'><strong>die</strong></span> <span class='ocrx_word' id='word_1_617' title='bbox 2336 4754 2510 4809; x_wconf 79' lang='lat' dir='ltr'><strong>Sache</strong></span> <span class='ocrx_word' id='word_1_618' title='bbox 2563 4756 2628 4808; x_wconf 76' lang='lat' dir='ltr'><strong>in</strong></span> <span class='ocrx_word' id='word_1_619' title='bbox 2684 4753 2823 4809; x_wconf 87' lang='lat' dir='ltr'><strong>Rom</strong></span> <span class='ocrx_word' id='word_1_620' title='bbox 2877 4755 3041 4807; x_wconf 73' lang='lat' dir='ltr'><strong>achon</strong></span> <span class='ocrx_word' id='word_1_621' title='bbox 3090 4771 3181 4809; x_wconf 82' lang='lat' dir='ltr'><strong>am</strong></span> 
     </span>
     <span class='ocr_line' id='line_1_48' title="bbox 518 4843 1082 4897; baseline 0.004 -2"><span class='ocrx_word' id='word_1_622' title='bbox 518 4846 593 4896; x_wconf 79' lang='grc'><em>21</em></span> <span class='ocrx_word' id='word_1_623' title='bbox 629 4843 791 4897; x_wconf 62' lang='lat' dir='ltr'><strong>Mare</strong></span> <span class='ocrx_word' id='word_1_624' title='bbox 829 4844 1082 4897; x_wconf 74' lang='lat' dir='ltr'><strong>bekannt.</strong></span> 
     </span>
    </p>
   </div>
  </div>
 </body>
</html>
