<?xml version="1.0" encoding="UTF-8"?>
<!DOCTYPE html PUBLIC "-//W3C//DTD XHTML 1.0 Transitional//EN"
    "http://www.w3.org/TR/xhtml1/DTD/xhtml1-transitional.dtd">
<html xmlns="http://www.w3.org/1999/xhtml" xml:lang="en" lang="en">
 <head>
  <title>
</title>
<meta http-equiv="Content-Type" content="text/html;charset=utf-8" />
  <meta name='ocr-system' content='tesseract 3.04.00' />
  <meta name='ocr-capabilities' content='ocr_page ocr_carea ocr_par ocr_line ocrx_word'/>
</head>
<body>
  <div class='ocr_page' id='page_1' title='image "./nuntiaturberich01deugoog_0283.png"; bbox 0 0 3859 5575; ppageno 0'>
   <div class='ocr_carea' id='block_1_1' title="bbox 690 429 2400 524">
    <p class='ocr_par' dir='ltr' id='par_1_1' title="bbox 690 429 2400 524">
     <span class='ocr_line' id='line_1_1' title="bbox 690 429 2400 524; baseline -0.001 -12"><span class='ocrx_word' id='word_1_1' title='bbox 690 452 797 513; x_wconf 81' lang='grc'><strong>268</strong></span> <span class='ocrx_word' id='word_1_2' title='bbox 1651 453 1733 509; x_wconf 88' lang='lat' dir='ltr'>No</span> <span class='ocrx_word' id='word_1_3' title='bbox 1785 454 1886 509; x_wconf 81' lang='lat'>52:</span> <span class='ocrx_word' id='word_1_4' title='bbox 1925 456 2066 510; x_wconf 83' lang='lat'>1545</span> <span class='ocrx_word' id='word_1_5' title='bbox 2103 429 2315 524; x_wconf 76' lang='lat' dir='ltr'>August</span> <span class='ocrx_word' id='word_1_6' title='bbox 2349 457 2400 510; x_wconf 86' lang='lat'>3.</span> 
     </span>
    </p>
   </div>
   <div class='ocr_carea' id='block_1_2' title="bbox 441 649 3439 4611">
    <p class='ocr_par' dir='ltr' id='par_1_2' title="bbox 441 649 3352 846">
     <span class='ocr_line' id='line_1_2' title="bbox 479 649 3352 738; baseline 0 -21"><span class='ocrx_word' id='word_1_7' title='bbox 479 659 616 709; x_wconf 80' lang='lat'><strong><em>1545</em></strong></span> <span class='ocrx_word' id='word_1_8' title='bbox 690 652 976 717; x_wconf 84' lang='lat' dir='ltr'>adiutore</span> <span class='ocrx_word' id='word_1_9' title='bbox 1021 651 1238 716; x_wconf 73' lang='lat' dir='ltr'>levara</span> <span class='ocrx_word' id='word_1_10' title='bbox 1283 650 1324 716; x_wconf 92' lang='lat' dir='ltr'>li</span> <span class='ocrx_word' id='word_1_11' title='bbox 1374 650 1524 716; x_wconf 88' lang='lat' dir='ltr'>mali</span> <span class='ocrx_word' id='word_1_12' title='bbox 1570 653 1947 738; x_wconf 86' lang='lat' dir='ltr'>predicatori</span> <span class='ocrx_word' id='word_1_13' title='bbox 1994 659 2058 717; x_wconf 92' lang='lat' dir='ltr'>et</span> <span class='ocrx_word' id='word_1_14' title='bbox 2102 653 2367 717; x_wconf 71' lang='lat' dir='ltr'>mettera</span> <span class='ocrx_word' id='word_1_15' title='bbox 2411 649 2454 715; x_wconf 90' lang='lat' dir='ltr'>li</span> <span class='ocrx_word' id='word_1_16' title='bbox 2501 649 2727 734; x_wconf 88' lang='lat' dir='ltr'>buoni,</span> <span class='ocrx_word' id='word_1_17' title='bbox 2786 658 2851 716; x_wconf 92' lang='lat' dir='ltr'>et</span> <span class='ocrx_word' id='word_1_18' title='bbox 2896 652 2956 716; x_wconf 94' lang='lat' dir='ltr'>io</span> <span class='ocrx_word' id='word_1_19' title='bbox 3001 674 3129 716; x_wconf 92' lang='lat' dir='ltr'>non</span> <span class='ocrx_word' id='word_1_20' title='bbox 3177 674 3352 717; x_wconf 88' lang='lat' dir='ltr'>man-</span> 
     </span>
     <span class='ocr_line' id='line_1_3' title="bbox 441 730 2104 846; baseline 0.002 -23"><span class='ocrx_word' id='word_1_21' title='bbox 441 730 587 797; x_wconf 75' lang='lat' dir='ltr'>Any.</span> <span class='ocrx_word' id='word_1_22' title='bbox 617 731 653 780; x_wconf 86' lang='lat'><em>3</em></span> <span class='ocrx_word' id='word_1_23' title='bbox 689 761 838 824; x_wconf 78' lang='lat' dir='ltr'>caro</span> <span class='ocrx_word' id='word_1_24' title='bbox 885 759 951 823; x_wconf 91' lang='lat' dir='ltr'>di</span> <span class='ocrx_word' id='word_1_25' title='bbox 996 757 1371 823; x_wconf 86' lang='lat' dir='ltr'>sollecitarlo</span> <span class='ocrx_word' id='word_1_26' title='bbox 1416 781 1535 824; x_wconf 92' lang='lat' dir='ltr'>con</span> <span class='ocrx_word' id='word_1_27' title='bbox 1582 762 1729 846; x_wconf 90' lang='lat' dir='ltr'>ogni</span> <span class='ocrx_word' id='word_1_28' title='bbox 1775 759 2104 846; x_wconf 84' lang='lat' dir='ltr'>diligenza.</span> 
     </span>
    </p>

    <p class='ocr_par' dir='ltr' id='par_1_3' title="bbox 686 864 3439 1274">
     <span class='ocr_line' id='line_1_4' title="bbox 867 864 3353 953; baseline 0 -23"><span class='ocrx_word' id='word_1_29' title='bbox 867 865 1164 931; x_wconf 86' lang='lat' dir='ltr'>L’ultimo</span> <span class='ocrx_word' id='word_1_30' title='bbox 1213 889 1374 953; x_wconf 89' lang='lat' dir='ltr'>capo</span> <span class='ocrx_word' id='word_1_31' title='bbox 1421 867 1472 930; x_wconf 92' lang='lat' dir='ltr'>si</span> <span class='ocrx_word' id='word_1_32' title='bbox 1518 868 1553 930; x_wconf 76' lang='grc' dir='ltr'>ὸ</span> <span class='ocrx_word' id='word_1_33' title='bbox 1601 866 1664 931; x_wconf 87' lang='grc'>(11</span> <span class='ocrx_word' id='word_1_34' title='bbox 1710 866 1808 931; x_wconf 85' lang='lat' dir='ltr'>far</span> <span class='ocrx_word' id='word_1_35' title='bbox 1852 865 1917 931; x_wconf 86' lang='lat' dir='ltr'>la</span> <span class='ocrx_word' id='word_1_36' title='bbox 1964 864 2413 952; x_wconf 80' lang='lat' dir='ltr'>capitulatione</span> <span class='ocrx_word' id='word_1_37' title='bbox 2472 867 2536 931; x_wconf 90' lang='grc'>111</span> <span class='ocrx_word' id='word_1_38' title='bbox 2596 873 2816 953; x_wconf 89' lang='lat' dir='ltr'>questo</span> <span class='ocrx_word' id='word_1_39' title='bbox 2874 872 3132 931; x_wconf 85' lang='lat' dir='ltr'>trattato</span> <span class='ocrx_word' id='word_1_40' title='bbox 3188 865 3353 932; x_wconf 91' lang='lat' dir='ltr'>della</span> 
     </span>
     <span class='ocr_line' id='line_1_5' title="bbox 686 971 3351 1061; baseline -0.001 -22"><span class='ocrx_word' id='word_1_41' title='bbox 686 976 994 1061; x_wconf 87' lang='lat' dir='ltr'>impresa‚</span> <span class='ocrx_word' id='word_1_42' title='bbox 1063 974 1227 1039; x_wconf 87' lang='lat' dir='ltr'>dove</span> <span class='ocrx_word' id='word_1_43' title='bbox 1294 996 1497 1060; x_wconf 86' lang='lat' dir='ltr'>veggo</span> <span class='ocrx_word' id='word_1_44' title='bbox 1566 996 1938 1039; x_wconf 89' lang='lat' dir='ltr'>concorrere</span> <span class='ocrx_word' id='word_1_45' title='bbox 1999 971 2123 1038; x_wconf 89' lang='lat' dir='ltr'>ben</span> <span class='ocrx_word' id='word_1_46' title='bbox 2182 973 2505 1038; x_wconf 86' lang='lat' dir='ltr'>volentieri</span> <span class='ocrx_word' id='word_1_47' title='bbox 2567 973 2734 1038; x_wconf 89' lang='lat' dir='ltr'>l&#39;una</span> <span class='ocrx_word' id='word_1_48' title='bbox 2779 982 2961 1059; x_wconf 91' lang='lat' dir='ltr'>parte</span> <span class='ocrx_word' id='word_1_49' title='bbox 3007 980 3071 1038; x_wconf 87' lang='lat' dir='ltr'>et</span> <span class='ocrx_word' id='word_1_50' title='bbox 3114 972 3351 1057; x_wconf 83' lang='lat' dir='ltr'>l’altra3</span> 
     </span>
     <span class='ocr_line' id='line_1_6' title="bbox 687 1079 3439 1167; baseline -0 -22"><span class='ocrx_word' id='word_1_51' title='bbox 687 1088 751 1146; x_wconf 91' lang='lat' dir='ltr'>et</span> <span class='ocrx_word' id='word_1_52' title='bbox 808 1082 843 1145; x_wconf 77' lang='grc' dir='ltr'><strong>ὲ</strong></span> <span class='ocrx_word' id='word_1_53' title='bbox 903 1104 1052 1146; x_wconf 84' lang='lat' dir='ltr'>cosa</span> <span class='ocrx_word' id='word_1_54' title='bbox 1124 1081 1208 1145; x_wconf 90' lang='lat' dir='ltr'>da</span> <span class='ocrx_word' id='word_1_55' title='bbox 1278 1103 1404 1146; x_wconf 92' lang='lat' dir='ltr'>non</span> <span class='ocrx_word' id='word_1_56' title='bbox 1475 1079 1676 1146; x_wconf 84' lang='lat' dir='ltr'>lassar</span> <span class='ocrx_word' id='word_1_57' title='bbox 1747 1081 1990 1146; x_wconf 88' lang='lat' dir='ltr'>adietro</span> <span class='ocrx_word' id='word_1_58' title='bbox 2062 1103 2180 1167; x_wconf 93' lang='lat' dir='ltr'>per</span> <span class='ocrx_word' id='word_1_59' title='bbox 2246 1082 2486 1164; x_wconf 81' lang='lat' dir='ltr'>niente,</span> <span class='ocrx_word' id='word_1_60' title='bbox 2553 1080 2778 1167; x_wconf 74' lang='lat' dir='ltr'>poiche</span> <span class='ocrx_word' id='word_1_61' title='bbox 2844 1080 2975 1146; x_wconf 94' lang='lat' dir='ltr'>loro</span> <span class='ocrx_word' id='word_1_62' title='bbox 3034 1080 3094 1145; x_wconf 93' lang='lat' dir='ltr'>lo</span> <span class='ocrx_word' id='word_1_63' title='bbox 3165 1082 3348 1145; x_wconf 87' lang='lat' dir='ltr'>ricer-</span> <span class='ocrx_word' id='word_1_64' title='bbox 3404 1101 3439 1153; x_wconf 87' lang='lat'><strong>5</strong></span> 
     </span>
     <span class='ocr_line' id='line_1_7' title="bbox 688 1189 946 1274; baseline -0.008 -22"><span class='ocrx_word' id='word_1_65' title='bbox 688 1211 849 1254; x_wconf 90' lang='lat' dir='ltr'>cano</span> <span class='ocrx_word' id='word_1_66' title='bbox 877 1189 946 1274; x_wconf 82' lang='lat'>⁸).</span> 
     </span>
    </p>

    <p class='ocr_par' dir='ltr' id='par_1_4' title="bbox 686 1294 3436 1918">
     <span class='ocr_line' id='line_1_8' title="bbox 866 1294 3349 1383; baseline 0.001 -23"><span class='ocrx_word' id='word_1_67' title='bbox 866 1295 1108 1376; x_wconf 81' lang='lat' dir='ltr'>Questa</span> <span class='ocrx_word' id='word_1_68' title='bbox 1138 1296 1174 1360; x_wconf 75' lang='grc' dir='ltr'>ὲ</span> <span class='ocrx_word' id='word_1_69' title='bbox 1204 1294 1268 1359; x_wconf 90' lang='lat' dir='ltr'>la</span> <span class='ocrx_word' id='word_1_70' title='bbox 1313 1296 1621 1361; x_wconf 87' lang='lat' dir='ltr'>sustantia</span> <span class='ocrx_word' id='word_1_71' title='bbox 1665 1294 1729 1359; x_wconf 92' lang='lat' dir='ltr'>di</span> <span class='ocrx_word' id='word_1_72' title='bbox 1776 1303 2015 1383; x_wconf 89' lang='lat' dir='ltr'>quanto</span> <span class='ocrx_word' id='word_1_73' title='bbox 2046 1294 2127 1360; x_wconf 88' lang='lat' dir='ltr'>ho</span> <span class='ocrx_word' id='word_1_74' title='bbox 2158 1304 2411 1383; x_wconf 88' lang='lat' dir='ltr'>passato</span> <span class='ocrx_word' id='word_1_75' title='bbox 2450 1319 2570 1361; x_wconf 91' lang='lat' dir='ltr'>con</span> <span class='ocrx_word' id='word_1_76' title='bbox 2604 1296 2734 1362; x_wconf 89' lang='lat' dir='ltr'>Sua</span> <span class='ocrx_word' id='word_1_77' title='bbox 2765 1295 3037 1361; x_wconf 85' lang='lat' dir='ltr'>Cesarea</span> <span class='ocrx_word' id='word_1_78' title='bbox 3067 1296 3349 1378; x_wconf 66' lang='lat' dir='ltr'>Maesta3</span> 
     </span>
     <span class='ocr_line' id='line_1_9' title="bbox 688 1401 3351 1490; baseline 0 -24"><span class='ocrx_word' id='word_1_79' title='bbox 688 1401 849 1467; x_wconf 83' lang='lat' dir='ltr'>lasso</span> <span class='ocrx_word' id='word_1_80' title='bbox 921 1426 1035 1489; x_wconf 88' lang='lat' dir='ltr'>per</span> <span class='ocrx_word' id='word_1_81' title='bbox 1106 1401 1353 1467; x_wconf 67' lang='lat' dir='ltr'>brevita</span> <span class='ocrx_word' id='word_1_82' title='bbox 1423 1401 1613 1468; x_wconf 85' lang='lat' dir='ltr'>molte</span> <span class='ocrx_word' id='word_1_83' title='bbox 1672 1402 1949 1490; x_wconf 87' lang='lat' dir='ltr'>repliche</span> <span class='ocrx_word' id='word_1_84' title='bbox 2006 1403 2161 1468; x_wconf 87' lang='lat' dir='ltr'>fatte</span> <span class='ocrx_word' id='word_1_85' title='bbox 2217 1401 2319 1469; x_wconf 93' lang='lat' dir='ltr'>nel</span> <span class='ocrx_word' id='word_1_86' title='bbox 2378 1405 2852 1489; x_wconf 84' lang='lat' dir='ltr'>ragionamento</span> <span class='ocrx_word' id='word_1_87' title='bbox 2915 1426 3028 1490; x_wconf 86' lang='lat' dir='ltr'>per</span> <span class='ocrx_word' id='word_1_88' title='bbox 3094 1426 3219 1469; x_wconf 89' lang='lat' dir='ltr'>non</span> <span class='ocrx_word' id='word_1_89' title='bbox 3291 1403 3351 1467; x_wconf 88' lang='lat' dir='ltr'>la</span> 
     </span>
     <span class='ocr_line' id='line_1_10' title="bbox 688 1508 3348 1597; baseline 0 -24"><span class='ocrx_word' id='word_1_90' title='bbox 688 1511 986 1576; x_wconf 85' lang='lat' dir='ltr'>fastidire.</span> <span class='ocrx_word' id='word_1_91' title='bbox 1080 1508 1372 1576; x_wconf 80' lang='lat' dir='ltr'><strong>concluse</strong></span> <span class='ocrx_word' id='word_1_92' title='bbox 1419 1509 1669 1575; x_wconf 89' lang='lat' dir='ltr'>dunche</span> <span class='ocrx_word' id='word_1_93' title='bbox 1715 1511 1780 1575; x_wconf 88' lang='lat' dir='ltr'>di</span> <span class='ocrx_word' id='word_1_94' title='bbox 1828 1510 2147 1575; x_wconf 89' lang='lat' dir='ltr'>consultar</span> <span class='ocrx_word' id='word_1_95' title='bbox 2190 1533 2306 1576; x_wconf 91' lang='lat' dir='ltr'>con</span> <span class='ocrx_word' id='word_1_96' title='bbox 2356 1514 2721 1597; x_wconf 81' lang='lat' dir='ltr'>monsignor</span> <span class='ocrx_word' id='word_1_97' title='bbox 2766 1511 2830 1575; x_wconf 92' lang='lat' dir='ltr'>di</span> <span class='ocrx_word' id='word_1_98' title='bbox 2879 1510 3233 1593; x_wconf 85' lang='lat' dir='ltr'>Granvela‚</span> <span class='ocrx_word' id='word_1_99' title='bbox 3288 1509 3348 1576; x_wconf 83' lang='lat' dir='ltr'>al</span> 
     </span>
     <span class='ocr_line' id='line_1_11' title="bbox 688 1616 3436 1704; baseline 0.003 -23"><span class='ocrx_word' id='word_1_100' title='bbox 688 1616 873 1704; x_wconf 84' lang='lat' dir='ltr'>quale</span> <span class='ocrx_word' id='word_1_101' title='bbox 917 1618 1006 1681; x_wconf 92' lang='lat' dir='ltr'>mi</span> <span class='ocrx_word' id='word_1_102' title='bbox 1052 1618 1216 1682; x_wconf 88' lang='lat' dir='ltr'>disse</span> <span class='ocrx_word' id='word_1_103' title='bbox 1261 1616 1421 1682; x_wconf 89' lang='lat' dir='ltr'>ch&#39;io</span> <span class='ocrx_word' id='word_1_104' title='bbox 1467 1619 1897 1683; x_wconf 87' lang='lat' dir='ltr'>comunicasse</span> <span class='ocrx_word' id='word_1_105' title='bbox 1944 1618 1988 1683; x_wconf 90' lang='lat' dir='ltr'>il</span> <span class='ocrx_word' id='word_1_106' title='bbox 2033 1619 2373 1684; x_wconf 88' lang='lat' dir='ltr'>medesimo</span> <span class='ocrx_word' id='word_1_107' title='bbox 2420 1618 2535 1684; x_wconf 87' lang='grc'><strong>6116</strong></span> <span class='ocrx_word' id='word_1_108' title='bbox 2584 1619 2787 1684; x_wconf 86' lang='lat' dir='ltr'>havea</span> <span class='ocrx_word' id='word_1_109' title='bbox 2832 1619 2988 1684; x_wconf 87' lang='lat' dir='ltr'>fatto</span> <span class='ocrx_word' id='word_1_110' title='bbox 3020 1641 3184 1700; x_wconf 86' lang='lat' dir='ltr'>seco,</span> <span class='ocrx_word' id='word_1_111' title='bbox 3230 1618 3436 1689; x_wconf 85' lang='grc'><strong>611610</strong></span> 
     </span>
     <span class='ocr_line' id='line_1_12' title="bbox 688 1723 3349 1812; baseline 0.001 -24"><span class='ocrx_word' id='word_1_112' title='bbox 688 1724 921 1810; x_wconf 90' lang='lat' dir='ltr'>doppoi</span> <span class='ocrx_word' id='word_1_113' title='bbox 966 1747 1081 1811; x_wconf 92' lang='lat' dir='ltr'>per</span> <span class='ocrx_word' id='word_1_114' title='bbox 1125 1747 1295 1789; x_wconf 90' lang='lat' dir='ltr'>esser</span> <span class='ocrx_word' id='word_1_115' title='bbox 1339 1747 1484 1789; x_wconf 89' lang='lat' dir='ltr'>cose</span> <span class='ocrx_word' id='word_1_116' title='bbox 1529 1727 1710 1810; x_wconf 84' lang='lat' dir='ltr'>gravi</span> <span class='ocrx_word' id='word_1_117' title='bbox 1757 1732 1820 1790; x_wconf 91' lang='lat' dir='ltr'>et</span> <span class='ocrx_word' id='word_1_118' title='bbox 1864 1723 2030 1791; x_wconf 90' lang='lat' dir='ltr'>della</span> <span class='ocrx_word' id='word_1_119' title='bbox 2074 1727 2481 1812; x_wconf 80' lang='lat' dir='ltr'><strong>importantia</strong></span> <span class='ocrx_word' id='word_1_120' title='bbox 2529 1725 2646 1790; x_wconf 87' lang='lat' dir='ltr'>che</span> <span class='ocrx_word' id='word_1_121' title='bbox 2693 1748 2865 1808; x_wconf 84' lang='lat' dir='ltr'>sono,</span> <span class='ocrx_word' id='word_1_122' title='bbox 2914 1748 2992 1789; x_wconf 91' lang='lat' dir='ltr'>ne</span> <span class='ocrx_word' id='word_1_123' title='bbox 3025 1725 3349 1792; x_wconf 82' lang='lat' dir='ltr'>risolveria</span> 
     </span>
     <span class='ocr_line' id='line_1_13' title="bbox 686 1832 1324 1918; baseline 0.002 -23"><span class='ocrx_word' id='word_1_124' title='bbox 686 1832 800 1918; x_wconf 66' lang='lat' dir='ltr'>pin</span> <span class='ocrx_word' id='word_1_125' title='bbox 848 1838 1324 1898; x_wconf 87' lang='lat' dir='ltr'>maturamente.</span> 
     </span>
    </p>

    <p class='ocr_par' dir='ltr' id='par_1_5' title="bbox 665 1938 3437 3960">
     <span class='ocr_line' id='line_1_14' title="bbox 863 1938 3344 2027; baseline 0 -23"><span class='ocrx_word' id='word_1_126' title='bbox 863 1939 1079 2004; x_wconf 88' lang='lat' dir='ltr'>Andai</span> <span class='ocrx_word' id='word_1_127' title='bbox 1123 1940 1168 2004; x_wconf 91' lang='lat' dir='ltr'>il</span> <span class='ocrx_word' id='word_1_128' title='bbox 1211 1941 1434 2025; x_wconf 85' lang='lat' dir='ltr'>giorno</span> <span class='ocrx_word' id='word_1_129' title='bbox 1465 1949 1761 2027; x_wconf 88' lang='lat' dir='ltr'>seguente</span> <span class='ocrx_word' id='word_1_130' title='bbox 1794 1939 1898 2005; x_wconf 83' lang='lat' dir='ltr'>dal</span> <span class='ocrx_word' id='word_1_131' title='bbox 1929 1939 2254 2007; x_wconf 86' lang='lat' dir='ltr'>Granvela</span> <span class='ocrx_word' id='word_1_132' title='bbox 2283 1949 2352 2007; x_wconf 85' lang='lat' dir='ltr'>et</span> <span class='ocrx_word' id='word_1_133' title='bbox 2375 1939 2418 2004; x_wconf 91' lang='lat' dir='ltr'>li</span> <span class='ocrx_word' id='word_1_134' title='bbox 2450 1941 2569 2005; x_wconf 84' lang='lat' dir='ltr'>feci</span> <span class='ocrx_word' id='word_1_135' title='bbox 2600 1938 2664 2005; x_wconf 90' lang='lat' dir='ltr'>la</span> <span class='ocrx_word' id='word_1_136' title='bbox 2698 1940 3038 2006; x_wconf 88' lang='lat' dir='ltr'>medesima</span> <span class='ocrx_word' id='word_1_137' title='bbox 3068 1942 3344 2007; x_wconf 89' lang='lat' dir='ltr'>comuni-</span> 
     </span>
     <span class='ocr_line' id='line_1_15' title="bbox 665 2046 3348 2138; baseline 0 -25"><span class='ocrx_word' id='word_1_138' title='bbox 665 2049 964 2138; x_wconf 81' lang='lat' dir='ltr'>catione,</span> <span class='ocrx_word' id='word_1_139' title='bbox 1024 2055 1086 2112; x_wconf 92' lang='lat' dir='ltr'>et</span> <span class='ocrx_word' id='word_1_140' title='bbox 1141 2048 1228 2113; x_wconf 92' lang='lat' dir='ltr'>lui</span> <span class='ocrx_word' id='word_1_141' title='bbox 1290 2071 1390 2113; x_wconf 89' lang='lat' dir='ltr'>me</span> <span class='ocrx_word' id='word_1_142' title='bbox 1448 2070 1704 2135; x_wconf 87' lang='lat' dir='ltr'>respuse</span> <span class='ocrx_word' id='word_1_143' title='bbox 1764 2055 2047 2134; x_wconf 89' lang='lat' dir='ltr'>appunto</span> <span class='ocrx_word' id='word_1_144' title='bbox 2107 2049 2286 2134; x_wconf 88' lang='lat' dir='ltr'>quasi</span> <span class='ocrx_word' id='word_1_145' title='bbox 2344 2047 2425 2112; x_wconf 92' lang='lat' dir='ltr'>de</span> <span class='ocrx_word' id='word_1_146' title='bbox 2483 2046 2679 2113; x_wconf 87' lang='lat' dir='ltr'>verbo</span> <span class='ocrx_word' id='word_1_147' title='bbox 2723 2048 2807 2112; x_wconf 87' lang='lat' dir='ltr'>ad</span> <span class='ocrx_word' id='word_1_148' title='bbox 2856 2047 3118 2114; x_wconf 83' lang='lat' dir='ltr'>verbum</span> <span class='ocrx_word' id='word_1_149' title='bbox 3170 2071 3348 2114; x_wconf 91' lang='lat' dir='ltr'>come</span> 
     </span>
     <span class='ocr_line' id='line_1_16' title="bbox 685 2153 3435 2242; baseline 0.003 -24"><span class='ocrx_word' id='word_1_150' title='bbox 685 2154 890 2220; x_wconf 86' lang='lat' dir='ltr'>havea</span> <span class='ocrx_word' id='word_1_151' title='bbox 935 2155 1093 2218; x_wconf 85' lang='lat' dir='ltr'>fatto</span> <span class='ocrx_word' id='word_1_152' title='bbox 1140 2154 1272 2220; x_wconf 86' lang='lat' dir='ltr'>Sua</span> <span class='ocrx_word' id='word_1_153' title='bbox 1318 2154 1589 2220; x_wconf 81' lang='lat' dir='ltr'>Cesarea</span> <span class='ocrx_word' id='word_1_154' title='bbox 1635 2154 1897 2238; x_wconf 70' lang='lat' dir='ltr'>Maesta,</span> <span class='ocrx_word' id='word_1_155' title='bbox 1946 2154 2062 2219; x_wconf 91' lang='lat' dir='ltr'>che</span> <span class='ocrx_word' id='word_1_156' title='bbox 2094 2154 2175 2219; x_wconf 89' lang='lat' dir='ltr'>ad</span> <span class='ocrx_word' id='word_1_157' title='bbox 2210 2153 2445 2219; x_wconf 90' lang='lat' dir='ltr'>volerlo</span> <span class='ocrx_word' id='word_1_158' title='bbox 2478 2156 2750 2220; x_wconf 80' lang='lat' dir='ltr'>scrivere</span> <span class='ocrx_word' id='word_1_159' title='bbox 2798 2157 2994 2220; x_wconf 86' lang='lat' dir='ltr'>serria</span> <span class='ocrx_word' id='word_1_160' title='bbox 3037 2154 3344 2242; x_wconf 88' lang='lat' dir='ltr'>replicare</span> <span class='ocrx_word' id='word_1_161' title='bbox 3367 2171 3435 2225; x_wconf 84' lang='lat'>15</span> 
     </span>
     <span class='ocr_line' id='line_1_17' title="bbox 686 2260 3348 2348; baseline 0 -22"><span class='ocrx_word' id='word_1_162' title='bbox 686 2260 728 2326; x_wconf 89' lang='lat' dir='ltr'>il</span> <span class='ocrx_word' id='word_1_163' title='bbox 775 2261 1135 2326; x_wconf 88' lang='lat' dir='ltr'>medesimo.</span> <span class='ocrx_word' id='word_1_164' title='bbox 1228 2262 1467 2348; x_wconf 79' lang='lat' dir='ltr'>impero</span> <span class='ocrx_word' id='word_1_165' title='bbox 1513 2263 1577 2324; x_wconf 82' lang='lat' dir='ltr'>vi</span> <span class='ocrx_word' id='word_1_166' title='bbox 1624 2262 1930 2347; x_wconf 83' lang='lat' dir='ltr'>aggiunse</span> <span class='ocrx_word' id='word_1_167' title='bbox 1977 2261 2079 2326; x_wconf 89' lang='lat' dir='ltr'>doi</span> <span class='ocrx_word' id='word_1_168' title='bbox 2128 2284 2270 2326; x_wconf 88' lang='lat' dir='ltr'>cose</span> <span class='ocrx_word' id='word_1_169' title='bbox 2316 2260 2395 2325; x_wconf 91' lang='lat' dir='ltr'>de</span> <span class='ocrx_word' id='word_1_170' title='bbox 2451 2263 2596 2347; x_wconf 70' lang='lat' dir='ltr'>pin,</span> <span class='ocrx_word' id='word_1_171' title='bbox 2655 2263 2860 2348; x_wconf 88' lang='lat' dir='ltr'>primo</span> <span class='ocrx_word' id='word_1_172' title='bbox 2920 2262 3034 2327; x_wconf 90' lang='lat' dir='ltr'>che</span> <span class='ocrx_word' id='word_1_173' title='bbox 3095 2262 3137 2327; x_wconf 90' lang='lat' dir='ltr'>il</span> <span class='ocrx_word' id='word_1_174' title='bbox 3198 2286 3348 2328; x_wconf 87' lang='lat' dir='ltr'>vero</span> 
     </span>
     <span class='ocr_line' id='line_1_18' title="bbox 685 2366 3350 2455; baseline 0 -22"><span class='ocrx_word' id='word_1_175' title='bbox 685 2369 1091 2434; x_wconf 83' lang='lat' dir='ltr'>fondamento</span> <span class='ocrx_word' id='word_1_176' title='bbox 1151 2367 1316 2434; x_wconf 89' lang='lat' dir='ltr'>della</span> <span class='ocrx_word' id='word_1_177' title='bbox 1375 2367 1574 2433; x_wconf 85' lang='lat' dir='ltr'>salute</span> <span class='ocrx_word' id='word_1_178' title='bbox 1634 2367 1801 2432; x_wconf 89' lang='lat' dir='ltr'>della</span> <span class='ocrx_word' id='word_1_179' title='bbox 1859 2366 2269 2432; x_wconf 72' lang='lat' dir='ltr'>Christianita</span> <span class='ocrx_word' id='word_1_180' title='bbox 2325 2376 2388 2432; x_wconf 90' lang='lat' dir='ltr'>et</span> <span class='ocrx_word' id='word_1_181' title='bbox 2445 2367 2510 2432; x_wconf 92' lang='lat' dir='ltr'>di</span> <span class='ocrx_word' id='word_1_182' title='bbox 2572 2376 2792 2455; x_wconf 87' lang='lat' dir='ltr'>questa</span> <span class='ocrx_word' id='word_1_183' title='bbox 2851 2377 3031 2433; x_wconf 87' lang='lat' dir='ltr'>santa</span> <span class='ocrx_word' id='word_1_184' title='bbox 3076 2371 3350 2455; x_wconf 80' lang='lat' dir='ltr'>impresa</span> 
     </span>
     <span class='ocr_line' id='line_1_19' title="bbox 684 2473 3347 2561; baseline -0 -19"><span class='ocrx_word' id='word_1_185' title='bbox 684 2500 792 2542; x_wconf 89' lang='lat' dir='ltr'>cra</span> <span class='ocrx_word' id='word_1_186' title='bbox 838 2475 899 2542; x_wconf 90' lang='lat' dir='ltr'>la</span> <span class='ocrx_word' id='word_1_187' title='bbox 945 2475 1158 2540; x_wconf 89' lang='lat' dir='ltr'>buona</span> <span class='ocrx_word' id='word_1_188' title='bbox 1203 2474 1615 2561; x_wconf 82' lang='lat' dir='ltr'>intelligentia</span> <span class='ocrx_word' id='word_1_189' title='bbox 1660 2480 1723 2538; x_wconf 87' lang='lat' dir='ltr'>et</span> <span class='ocrx_word' id='word_1_190' title='bbox 1768 2475 1999 2539; x_wconf 90' lang='lat' dir='ltr'>unione</span> <span class='ocrx_word' id='word_1_191' title='bbox 2045 2483 2146 2539; x_wconf 87' lang='lat' dir='ltr'>tra</span> <span class='ocrx_word' id='word_1_192' title='bbox 2177 2473 2405 2539; x_wconf 85' lang='lat' dir='ltr'>Nostro</span> <span class='ocrx_word' id='word_1_193' title='bbox 2440 2475 2705 2561; x_wconf 87' lang='lat' dir='ltr'>Signore</span> <span class='ocrx_word' id='word_1_194' title='bbox 2750 2484 2813 2541; x_wconf 89' lang='lat' dir='ltr'>et</span> <span class='ocrx_word' id='word_1_195' title='bbox 2857 2499 2972 2540; x_wconf 86' lang='lat' dir='ltr'>sua</span> <span class='ocrx_word' id='word_1_196' title='bbox 3002 2475 3151 2539; x_wconf 71' lang='lat' dir='ltr'>Illm·</span> <span class='ocrx_word' id='word_1_197' title='bbox 3182 2499 3347 2559; x_wconf 85' lang='lat' dir='ltr'>casa,</span> 
     </span>
     <span class='ocr_line' id='line_1_20' title="bbox 684 2580 3346 2670; baseline -0.001 -21"><span class='ocrx_word' id='word_1_198' title='bbox 684 2593 746 2649; x_wconf 91' lang='lat' dir='ltr'>et</span> <span class='ocrx_word' id='word_1_199' title='bbox 792 2584 923 2649; x_wconf 89' lang='lat' dir='ltr'>Sua</span> <span class='ocrx_word' id='word_1_200' title='bbox 972 2583 1245 2666; x_wconf 72' lang='lat' dir='ltr'>Maesta,</span> <span class='ocrx_word' id='word_1_201' title='bbox 1302 2582 1466 2649; x_wconf 86' lang='lat' dir='ltr'>della</span> <span class='ocrx_word' id='word_1_202' title='bbox 1510 2581 1694 2670; x_wconf 89' lang='lat' dir='ltr'>quale</span> <span class='ocrx_word' id='word_1_203' title='bbox 1747 2583 2115 2667; x_wconf 81' lang='lat' dir='ltr'>monsignor</span> <span class='ocrx_word' id='word_1_204' title='bbox 2159 2580 2503 2648; x_wconf 86' lang='lat' dir='ltr'>d&#39;Andalot</span> <span class='ocrx_word' id='word_1_205' title='bbox 2549 2584 2794 2647; x_wconf 86' lang='lat' dir='ltr'>scrivea</span> <span class='ocrx_word' id='word_1_206' title='bbox 2838 2582 3227 2669; x_wconf 88' lang='lat' dir='ltr'>largamente</span> <span class='ocrx_word' id='word_1_207' title='bbox 3257 2583 3346 2670; x_wconf 58' lang='grc' dir='ltr'>Ὃς</span> 
     </span>
     <span class='ocr_line' id='line_1_21' title="bbox 685 2688 3437 2775; baseline 0.001 -18"><span class='ocrx_word' id='word_1_208' title='bbox 685 2700 747 2757; x_wconf 89' lang='lat' dir='ltr'>et</span> <span class='ocrx_word' id='word_1_209' title='bbox 792 2690 964 2756; x_wconf 85' lang='lat' dir='ltr'>volse</span> <span class='ocrx_word' id='word_1_210' title='bbox 1010 2692 1364 2756; x_wconf 86' lang='lat' dir='ltr'>mostrarmi</span> <span class='ocrx_word' id='word_1_211' title='bbox 1412 2690 1468 2754; x_wconf 91' lang='lat' dir='ltr'>le</span> <span class='ocrx_word' id='word_1_212' title='bbox 1514 2690 1730 2755; x_wconf 83' lang='lat' dir='ltr'>lettere</span> <span class='ocrx_word' id='word_1_213' title='bbox 1776 2688 1838 2753; x_wconf 90' lang='lat' dir='ltr'>di</span> <span class='ocrx_word' id='word_1_214' title='bbox 1873 2690 2240 2775; x_wconf 80' lang='lat' dir='ltr'>monsignor</span> <span class='ocrx_word' id='word_1_215' title='bbox 2269 2688 2634 2770; x_wconf 88' lang='lat' dir='ltr'>d&#39;Andalot,</span> <span class='ocrx_word' id='word_1_216' title='bbox 2683 2689 2797 2755; x_wconf 87' lang='lat' dir='ltr'>che</span> <span class='ocrx_word' id='word_1_217' title='bbox 2829 2713 3021 2756; x_wconf 89' lang='lat' dir='ltr'>erano</span> <span class='ocrx_word' id='word_1_218' title='bbox 3066 2692 3130 2755; x_wconf 93' lang='lat' dir='ltr'>in</span> <span class='ocrx_word' id='word_1_219' title='bbox 3178 2692 3343 2755; x_wconf 91' lang='lat' dir='ltr'>fran·</span> <span class='ocrx_word' id='word_1_220' title='bbox 3366 2707 3437 2760; x_wconf 77' lang='lat'>20</span> 
     </span>
     <span class='ocr_line' id='line_1_22' title="bbox 687 2796 3347 2885; baseline -0.001 -20"><span class='ocrx_word' id='word_1_221' title='bbox 687 2823 859 2883; x_wconf 87' lang='lat' dir='ltr'>cese,</span> <span class='ocrx_word' id='word_1_222' title='bbox 932 2808 995 2865; x_wconf 89' lang='lat' dir='ltr'>et</span> <span class='ocrx_word' id='word_1_223' title='bbox 1051 2798 1111 2865; x_wconf 93' lang='lat' dir='ltr'>le</span> <span class='ocrx_word' id='word_1_224' title='bbox 1172 2799 1326 2864; x_wconf 89' lang='lat' dir='ltr'>lesse</span> <span class='ocrx_word' id='word_1_225' title='bbox 1387 2806 1580 2883; x_wconf 83' lang='lat' dir='ltr'>tutte,</span> <span class='ocrx_word' id='word_1_226' title='bbox 1638 2797 1867 2884; x_wconf 75' lang='lat' dir='ltr'>perche</span> <span class='ocrx_word' id='word_1_227' title='bbox 1926 2796 2089 2863; x_wconf 87' lang='lat' dir='ltr'>nelle</span> <span class='ocrx_word' id='word_1_228' title='bbox 2147 2821 2290 2864; x_wconf 89' lang='lat' dir='ltr'>cose</span> <span class='ocrx_word' id='word_1_229' title='bbox 2347 2796 2645 2885; x_wconf 88' lang='lat' dir='ltr'>publichc</span> <span class='ocrx_word' id='word_1_230' title='bbox 2705 2821 2770 2863; x_wconf 91' lang='lat' dir='ltr'>se</span> <span class='ocrx_word' id='word_1_231' title='bbox 2829 2800 3159 2864; x_wconf 86' lang='lat' dir='ltr'>rimetteva</span> <span class='ocrx_word' id='word_1_232' title='bbox 3225 2798 3347 2864; x_wconf 88' lang='lat' dir='ltr'>alle</span> 
     </span>
     <span class='ocr_line' id='line_1_23' title="bbox 684 2905 3347 2993; baseline -0 -21"><span class='ocrx_word' id='word_1_233' title='bbox 684 2907 900 2974; x_wconf 91' lang='lat' dir='ltr'>lettere</span> <span class='ocrx_word' id='word_1_234' title='bbox 946 2906 1108 2972; x_wconf 88' lang='lat' dir='ltr'>dello</span> <span class='ocrx_word' id='word_1_235' title='bbox 1154 2905 1572 2971; x_wconf 85' lang='lat' dir='ltr'>ambassiator</span> <span class='ocrx_word' id='word_1_236' title='bbox 1621 2905 1819 2993; x_wconf 87' lang='lat' dir='ltr'>Vega,</span> <span class='ocrx_word' id='word_1_237' title='bbox 1865 2914 1928 2970; x_wconf 90' lang='lat' dir='ltr'>et</span> <span class='ocrx_word' id='word_1_238' title='bbox 1974 2905 2115 2970; x_wconf 92' lang='lat' dir='ltr'>dice</span> <span class='ocrx_word' id='word_1_239' title='bbox 2163 2905 2357 2971; x_wconf 84' lang='lat' dir='ltr'>haver</span> <span class='ocrx_word' id='word_1_240' title='bbox 2405 2914 2653 2971; x_wconf 83' lang='lat' dir='ltr'>trovato</span> <span class='ocrx_word' id='word_1_241' title='bbox 2700 2907 2765 2970; x_wconf 89' lang='lat' dir='ltr'>in</span> <span class='ocrx_word' id='word_1_242' title='bbox 2813 2905 3041 2971; x_wconf 89' lang='lat' dir='ltr'>Nostro</span> <span class='ocrx_word' id='word_1_243' title='bbox 3083 2907 3347 2992; x_wconf 87' lang='lat' dir='ltr'>Signore</span> 
     </span>
     <span class='ocr_line' id='line_1_24' title="bbox 687 3012 3349 3102; baseline -0.001 -22"><span class='ocrx_word' id='word_1_244' title='bbox 687 3022 860 3081; x_wconf 87' lang='lat' dir='ltr'>tanto</span> <span class='ocrx_word' id='word_1_245' title='bbox 918 3022 1156 3102; x_wconf 86' lang='lat' dir='ltr'>quanto</span> <span class='ocrx_word' id='word_1_246' title='bbox 1211 3022 1443 3101; x_wconf 88' lang='lat' dir='ltr'>poteva</span> <span class='ocrx_word' id='word_1_247' title='bbox 1496 3013 1855 3078; x_wconf 86' lang='lat' dir='ltr'>desiderare</span> <span class='ocrx_word' id='word_1_248' title='bbox 1902 3012 2034 3079; x_wconf 86' lang='lat' dir='ltr'>Sua</span> <span class='ocrx_word' id='word_1_249' title='bbox 2080 3012 2352 3078; x_wconf 83' lang='lat' dir='ltr'>Cesarea</span> <span class='ocrx_word' id='word_1_250' title='bbox 2398 3013 2643 3078; x_wconf 66' lang='lat' dir='ltr'>Maesta</span> <span class='ocrx_word' id='word_1_251' title='bbox 2702 3013 2767 3077; x_wconf 90' lang='lat' dir='ltr'>di</span> <span class='ocrx_word' id='word_1_252' title='bbox 2812 3012 3240 3079; x_wconf 83' lang='lat' dir='ltr'>benivolentia</span> <span class='ocrx_word' id='word_1_253' title='bbox 3286 3022 3349 3078; x_wconf 90' lang='lat' dir='ltr'>et</span> 
     </span>
     <span class='ocr_line' id='line_1_25' title="bbox 684 3120 3348 3208; baseline -0.001 -21"><span class='ocrx_word' id='word_1_254' title='bbox 684 3144 896 3187; x_wconf 88' lang='lat' dir='ltr'>amore</span> <span class='ocrx_word' id='word_1_255' title='bbox 954 3129 1018 3186; x_wconf 85' lang='lat' dir='ltr'>et</span> <span class='ocrx_word' id='word_1_256' title='bbox 1069 3128 1299 3208; x_wconf 90' lang='lat' dir='ltr'>pronta</span> <span class='ocrx_word' id='word_1_257' title='bbox 1344 3120 1636 3205; x_wconf 71' lang='lat' dir='ltr'>volunta,</span> <span class='ocrx_word' id='word_1_258' title='bbox 1697 3128 1760 3186; x_wconf 91' lang='lat' dir='ltr'>et</span> <span class='ocrx_word' id='word_1_259' title='bbox 1817 3123 1883 3185; x_wconf 92' lang='lat' dir='ltr'>in</span> <span class='ocrx_word' id='word_1_260' title='bbox 1931 3120 2007 3186; x_wconf 92' lang='lat' dir='ltr'>V.</span> <span class='ocrx_word' id='word_1_261' title='bbox 2055 3120 2205 3185; x_wconf 52' lang='lat' dir='ltr'>111⁰·ss</span> <span class='ocrx_word' id='word_1_262' title='bbox 2251 3130 2313 3187; x_wconf 87' lang='lat' dir='ltr'>et</span> <span class='ocrx_word' id='word_1_263' title='bbox 2360 3122 2484 3186; x_wconf 59' lang='grc' dir='ltr'>ΒΝ·</span> <span class='ocrx_word' id='word_1_264' title='bbox 2532 3120 2615 3196; x_wconf 64' lang='lat' dir='ltr'>S„</span> <span class='ocrx_word' id='word_1_265' title='bbox 2639 3128 2704 3186; x_wconf 90' lang='lat' dir='ltr'>et</span> <span class='ocrx_word' id='word_1_266' title='bbox 2748 3120 2914 3186; x_wconf 86' lang='lat' dir='ltr'>nella</span> <span class='ocrx_word' id='word_1_267' title='bbox 2959 3121 3348 3186; x_wconf 88' lang='lat' dir='ltr'>Eccellentia</span> 
     </span>
     <span class='ocr_line' id='line_1_26' title="bbox 686 3227 3437 3315; baseline 0.001 -20"><span class='ocrx_word' id='word_1_268' title='bbox 686 3229 789 3295; x_wconf 91' lang='lat' dir='ltr'>del</span> <span class='ocrx_word' id='word_1_269' title='bbox 847 3230 1063 3315; x_wconf 89' lang='lat' dir='ltr'>signor</span> <span class='ocrx_word' id='word_1_270' title='bbox 1121 3229 1285 3296; x_wconf 88' lang='lat' dir='ltr'>duca</span> <span class='ocrx_word' id='word_1_271' title='bbox 1343 3237 1408 3294; x_wconf 92' lang='lat' dir='ltr'>et</span> <span class='ocrx_word' id='word_1_272' title='bbox 1465 3227 1547 3293; x_wconf 92' lang='lat' dir='ltr'>de</span> <span class='ocrx_word' id='word_1_273' title='bbox 1609 3229 1754 3294; x_wconf 86' lang='lat' dir='ltr'>tutti</span> <span class='ocrx_word' id='word_1_274' title='bbox 1813 3236 1991 3294; x_wconf 85' lang='lat' dir='ltr'>tanta</span> <span class='ocrx_word' id='word_1_275' title='bbox 2050 3227 2521 3293; x_wconf 83' lang='lat' dir='ltr'>amorevolezza</span> <span class='ocrx_word' id='word_1_276' title='bbox 2574 3236 2638 3294; x_wconf 88' lang='lat' dir='ltr'>et</span> <span class='ocrx_word' id='word_1_277' title='bbox 2682 3227 3055 3293; x_wconf 73' lang='lat' dir='ltr'>conformita</span> <span class='ocrx_word' id='word_1_278' title='bbox 3101 3228 3163 3292; x_wconf 92' lang='lat' dir='ltr'>di</span> <span class='ocrx_word' id='word_1_279' title='bbox 3212 3230 3342 3293; x_wconf 88' lang='lat' dir='ltr'>ani·</span> <span class='ocrx_word' id='word_1_280' title='bbox 3366 3243 3437 3298; x_wconf 76' lang='lat'>25</span> 
     </span>
     <span class='ocr_line' id='line_1_27' title="bbox 684 3334 3349 3422; baseline -0.001 -19"><span class='ocrx_word' id='word_1_281' title='bbox 684 3360 789 3403; x_wconf 90' lang='lat' dir='ltr'>mo</span> <span class='ocrx_word' id='word_1_282' title='bbox 835 3347 897 3403; x_wconf 90' lang='lat' dir='ltr'>et</span> <span class='ocrx_word' id='word_1_283' title='bbox 942 3337 1471 3403; x_wconf 84' lang='lat' dir='ltr'>demonstratione</span> <span class='ocrx_word' id='word_1_284' title='bbox 1516 3336 1758 3422; x_wconf 87' lang='lat' dir='ltr'>grande</span> <span class='ocrx_word' id='word_1_285' title='bbox 1803 3336 1919 3401; x_wconf 89' lang='grc'><strong>6116</strong></span> <span class='ocrx_word' id='word_1_286' title='bbox 1965 3337 2080 3422; x_wconf 69' lang='lat' dir='ltr'>pin</span> <span class='ocrx_word' id='word_1_287' title='bbox 2125 3359 2254 3401; x_wconf 92' lang='lat' dir='ltr'>non</span> <span class='ocrx_word' id='word_1_288' title='bbox 2300 3338 2353 3401; x_wconf 90' lang='lat' dir='ltr'>si</span> <span class='ocrx_word' id='word_1_289' title='bbox 2397 3334 2705 3422; x_wconf 88' lang='lat' dir='ltr'>potrebbe</span> <span class='ocrx_word' id='word_1_290' title='bbox 2752 3337 2906 3419; x_wconf 85' lang='lat' dir='ltr'>dire,</span> <span class='ocrx_word' id='word_1_291' title='bbox 2953 3335 3017 3400; x_wconf 90' lang='lat' dir='ltr'>di</span> <span class='ocrx_word' id='word_1_292' title='bbox 3066 3337 3349 3401; x_wconf 89' lang='lat' dir='ltr'>maniera</span> 
     </span>
     <span class='ocr_line' id='line_1_28' title="bbox 684 3443 3349 3532; baseline -0.001 -22"><span class='ocrx_word' id='word_1_293' title='bbox 684 3447 800 3511; x_wconf 85' lang='lat' dir='ltr'>che</span> <span class='ocrx_word' id='word_1_294' title='bbox 845 3445 925 3510; x_wconf 94' lang='lat' dir='ltr'>de</span> <span class='ocrx_word' id='word_1_295' title='bbox 971 3446 1079 3532; x_wconf 90' lang='lat' dir='ltr'>qui</span> <span class='ocrx_word' id='word_1_296' title='bbox 1126 3468 1192 3510; x_wconf 89' lang='lat' dir='ltr'>se</span> <span class='ocrx_word' id='word_1_297' title='bbox 1241 3467 1317 3510; x_wconf 91' lang='lat' dir='ltr'>ne</span> <span class='ocrx_word' id='word_1_298' title='bbox 1362 3452 1530 3509; x_wconf 83' lang='lat' dir='ltr'>resta</span> <span class='ocrx_word' id='word_1_299' title='bbox 1576 3466 1694 3508; x_wconf 92' lang='lat' dir='ltr'>con</span> <span class='ocrx_word' id='word_1_300' title='bbox 1743 3444 1988 3509; x_wconf 89' lang='lat' dir='ltr'>infinita</span> <span class='ocrx_word' id='word_1_301' title='bbox 2035 3445 2448 3509; x_wconf 86' lang='lat' dir='ltr'>satisfattione</span> <span class='ocrx_word' id='word_1_302' title='bbox 2496 3443 2579 3508; x_wconf 87' lang='lat' dir='ltr'>da</span> <span class='ocrx_word' id='word_1_303' title='bbox 2624 3444 2756 3510; x_wconf 87' lang='lat' dir='ltr'>Sua</span> <span class='ocrx_word' id='word_1_304' title='bbox 2801 3443 3074 3509; x_wconf 86' lang='lat' dir='ltr'>Cesarea</span> <span class='ocrx_word' id='word_1_305' title='bbox 3105 3443 3349 3508; x_wconf 72' lang='lat' dir='ltr'>Maesta</span> 
     </span>
     <span class='ocr_line' id='line_1_29' title="bbox 684 3550 3348 3638; baseline -0.002 -19"><span class='ocrx_word' id='word_1_306' title='bbox 684 3561 747 3619; x_wconf 90' lang='lat' dir='ltr'>et</span> <span class='ocrx_word' id='word_1_307' title='bbox 806 3554 949 3619; x_wconf 87' lang='lat' dir='ltr'>tutti</span> <span class='ocrx_word' id='word_1_308' title='bbox 1010 3554 1143 3617; x_wconf 89' lang='lat' dir='ltr'>suoi</span> <span class='ocrx_word' id='word_1_309' title='bbox 1203 3553 1505 3635; x_wconf 83' lang='lat' dir='ltr'>ministri,</span> <span class='ocrx_word' id='word_1_310' title='bbox 1567 3560 1629 3616; x_wconf 90' lang='lat' dir='ltr'>et</span> <span class='ocrx_word' id='word_1_311' title='bbox 1688 3553 1748 3616; x_wconf 89' lang='lat' dir='ltr'>io</span> <span class='ocrx_word' id='word_1_312' title='bbox 1810 3550 1934 3617; x_wconf 90' lang='lat' dir='ltr'>ben</span> <span class='ocrx_word' id='word_1_313' title='bbox 1993 3575 2177 3617; x_wconf 90' lang='lat' dir='ltr'>mene</span> <span class='ocrx_word' id='word_1_314' title='bbox 2235 3574 2507 3638; x_wconf 87' lang='lat' dir='ltr'>accorgo</span> <span class='ocrx_word' id='word_1_315' title='bbox 2561 3552 2623 3617; x_wconf 91' lang='lat' dir='ltr'>al</span> <span class='ocrx_word' id='word_1_316' title='bbox 2670 3551 2856 3616; x_wconf 89' lang='lat' dir='ltr'>modo</span> <span class='ocrx_word' id='word_1_317' title='bbox 2902 3551 2969 3615; x_wconf 91' lang='lat' dir='ltr'>di</span> <span class='ocrx_word' id='word_1_318' title='bbox 3016 3552 3348 3636; x_wconf 87' lang='lat' dir='ltr'>negociare</span> 
     </span>
     <span class='ocr_line' id='line_1_30' title="bbox 686 3657 3348 3745; baseline -0.001 -20"><span class='ocrx_word' id='word_1_319' title='bbox 686 3682 881 3741; x_wconf 90' lang='lat' dir='ltr'>mec0,</span> <span class='ocrx_word' id='word_1_320' title='bbox 929 3660 1253 3724; x_wconf 88' lang='lat' dir='ltr'>differente</span> <span class='ocrx_word' id='word_1_321' title='bbox 1298 3682 1488 3725; x_wconf 86' lang='lat' dir='ltr'>senza</span> <span class='ocrx_word' id='word_1_322' title='bbox 1531 3681 1853 3745; x_wconf 87' lang='lat' dir='ltr'>paragone</span> <span class='ocrx_word' id='word_1_323' title='bbox 1899 3658 2050 3724; x_wconf 89' lang='lat' dir='ltr'>dalli</span> <span class='ocrx_word' id='word_1_324' title='bbox 2096 3660 2290 3745; x_wconf 90' lang='lat' dir='ltr'>tempi</span> <span class='ocrx_word' id='word_1_325' title='bbox 2337 3660 2590 3745; x_wconf 85' lang='lat' dir='ltr'>passati,</span> <span class='ocrx_word' id='word_1_326' title='bbox 2638 3657 2847 3723; x_wconf 78' lang='lat' dir='ltr'>sicche</span> <span class='ocrx_word' id='word_1_327' title='bbox 2892 3682 3006 3745; x_wconf 89' lang='lat' dir='ltr'>per</span> <span class='ocrx_word' id='word_1_328' title='bbox 3051 3682 3230 3724; x_wconf 90' lang='lat' dir='ltr'>amor</span> <span class='ocrx_word' id='word_1_329' title='bbox 3268 3659 3348 3723; x_wconf 92' lang='lat' dir='ltr'>de</span> 
     </span>
     <span class='ocr_line' id='line_1_31' title="bbox 684 3764 3436 3853; baseline 0 -22"><span class='ocrx_word' id='word_1_330' title='bbox 684 3767 813 3833; x_wconf 91' lang='lat' dir='ltr'>Dio</span> <span class='ocrx_word' id='word_1_331' title='bbox 860 3767 1168 3832; x_wconf 88' lang='lat' dir='ltr'>attendasi</span> <span class='ocrx_word' id='word_1_332' title='bbox 1214 3767 1299 3831; x_wconf 86' lang='lat' dir='ltr'>ad</span> <span class='ocrx_word' id='word_1_333' title='bbox 1345 3788 1783 3853; x_wconf 87' lang='lat' dir='ltr'>perseverare,</span> <span class='ocrx_word' id='word_1_334' title='bbox 1844 3764 2080 3852; x_wconf 76' lang='lat' dir='ltr'>perche</span> <span class='ocrx_word' id='word_1_335' title='bbox 2138 3789 2265 3830; x_wconf 92' lang='lat' dir='ltr'>non</span> <span class='ocrx_word' id='word_1_336' title='bbox 2311 3768 2495 3852; x_wconf 73' lang='lat' dir='ltr'>potra</span> <span class='ocrx_word' id='word_1_337' title='bbox 2539 3766 2854 3851; x_wconf 85' lang='lat' dir='ltr'>parturire</span> <span class='ocrx_word' id='word_1_338' title='bbox 2900 3788 2966 3830; x_wconf 87' lang='lat' dir='ltr'>se</span> <span class='ocrx_word' id='word_1_339' title='bbox 3012 3790 3139 3831; x_wconf 91' lang='lat' dir='ltr'>non</span> <span class='ocrx_word' id='word_1_340' title='bbox 3186 3790 3343 3852; x_wconf 90' lang='lat' dir='ltr'>gran</span> <span class='ocrx_word' id='word_1_341' title='bbox 3364 3779 3436 3833; x_wconf 84' lang='lat'>30</span> 
     </span>
     <span class='ocr_line' id='line_1_32' title="bbox 683 3873 1790 3960; baseline -0.001 -22"><span class='ocrx_word' id='word_1_342' title='bbox 683 3873 845 3939; x_wconf 91' lang='lat' dir='ltr'>bene</span> <span class='ocrx_word' id='word_1_343' title='bbox 891 3877 953 3938; x_wconf 84' lang='lat' dir='ltr'>in</span> <span class='ocrx_word' id='word_1_344' title='bbox 1001 3873 1258 3960; x_wconf 91' lang='lat' dir='ltr'>publico</span> <span class='ocrx_word' id='word_1_345' title='bbox 1305 3884 1368 3940; x_wconf 90' lang='lat' dir='ltr'>et</span> <span class='ocrx_word' id='word_1_346' title='bbox 1411 3876 1476 3938; x_wconf 90' lang='lat' dir='ltr'>in</span> <span class='ocrx_word' id='word_1_347' title='bbox 1522 3874 1790 3959; x_wconf 88' lang='lat' dir='ltr'>privato.</span> 
     </span>
    </p>

    <p class='ocr_par' dir='ltr' id='par_1_6' title="bbox 683 3978 3437 4611">
     <span class='ocr_line' id='line_1_33' title="bbox 863 3978 3347 4067; baseline -0.001 -21"><span class='ocrx_word' id='word_1_348' title='bbox 863 3980 1102 4046; x_wconf 82' lang='lat' dir='ltr'>L’altro</span> <span class='ocrx_word' id='word_1_349' title='bbox 1149 3980 1266 4046; x_wconf 89' lang='lat' dir='ltr'>che</span> <span class='ocrx_word' id='word_1_350' title='bbox 1312 3982 1619 4067; x_wconf 82' lang='lat' dir='ltr'>aggiunse</span> <span class='ocrx_word' id='word_1_351' title='bbox 1664 3982 2031 4066; x_wconf 86' lang='lat' dir='ltr'>monsignor</span> <span class='ocrx_word' id='word_1_352' title='bbox 2062 3979 2129 4044; x_wconf 92' lang='lat' dir='ltr'>di</span> <span class='ocrx_word' id='word_1_353' title='bbox 2162 3978 2487 4045; x_wconf 85' lang='lat' dir='ltr'>Granvela</span> <span class='ocrx_word' id='word_1_354' title='bbox 2516 3982 2567 4044; x_wconf 93' lang='lat' dir='ltr'>si</span> <span class='ocrx_word' id='word_1_355' title='bbox 2600 3980 2655 4063; x_wconf 72' lang='grc' dir='ltr'>ὸ,</span> <span class='ocrx_word' id='word_1_356' title='bbox 2702 3986 2937 4067; x_wconf 86' lang='lat' dir='ltr'>quanto</span> <span class='ocrx_word' id='word_1_357' title='bbox 2983 3978 3107 4044; x_wconf 87' lang='lat' dir='ltr'>alla</span> <span class='ocrx_word' id='word_1_358' title='bbox 3152 4002 3347 4044; x_wconf 87' lang='lat' dir='ltr'>causa</span> 
     </span>
     <span class='ocr_line' id='line_1_34' title="bbox 684 4085 3345 4172; baseline -0.002 -19"><span class='ocrx_word' id='word_1_359' title='bbox 684 4088 785 4154; x_wconf 89' lang='lat' dir='ltr'>del</span> <span class='ocrx_word' id='word_1_360' title='bbox 832 4090 1240 4154; x_wconf 83' lang='lat' dir='ltr'>arcivescovo</span> <span class='ocrx_word' id='word_1_361' title='bbox 1287 4088 1350 4152; x_wconf 93' lang='lat' dir='ltr'>di</span> <span class='ocrx_word' id='word_1_362' title='bbox 1400 4086 1662 4153; x_wconf 90' lang='lat' dir='ltr'>Colonia</span> <span class='ocrx_word' id='word_1_363' title='bbox 1691 4088 1773 4168; x_wconf 76' lang='lat'>⁰),</span> <span class='ocrx_word' id='word_1_364' title='bbox 1833 4086 1952 4150; x_wconf 87' lang='lat' dir='ltr'>che</span> <span class='ocrx_word' id='word_1_365' title='bbox 1998 4086 2129 4151; x_wconf 85' lang='lat' dir='ltr'>Sua</span> <span class='ocrx_word' id='word_1_366' title='bbox 2176 4085 2423 4151; x_wconf 74' lang='lat' dir='ltr'>Santita</span> <span class='ocrx_word' id='word_1_367' title='bbox 2475 4108 2603 4150; x_wconf 91' lang='lat' dir='ltr'>non</span> <span class='ocrx_word' id='word_1_368' title='bbox 2665 4086 2913 4151; x_wconf 84' lang='lat' dir='ltr'>doveva</span> <span class='ocrx_word' id='word_1_369' title='bbox 2970 4108 3235 4172; x_wconf 88' lang='lat' dir='ltr'>pensare</span> <span class='ocrx_word' id='word_1_370' title='bbox 3280 4088 3345 4149; x_wconf 94' lang='lat' dir='ltr'>in</span> 
     </span>
     <span class='ocr_line' id='line_1_35' title="bbox 685 4192 3345 4282; baseline -0.002 -22"><span class='ocrx_word' id='word_1_371' title='bbox 685 4203 907 4282; x_wconf 88' lang='lat' dir='ltr'>questa</span> <span class='ocrx_word' id='word_1_372' title='bbox 940 4218 1088 4260; x_wconf 87' lang='lat' dir='ltr'>cosa</span> <span class='ocrx_word' id='word_1_373' title='bbox 1117 4197 1346 4276; x_wconf 89' lang='lat' dir='ltr'>niente,</span> <span class='ocrx_word' id='word_1_374' title='bbox 1394 4196 1537 4259; x_wconf 87' lang='lat' dir='ltr'>anzi</span> <span class='ocrx_word' id='word_1_375' title='bbox 1584 4193 1699 4259; x_wconf 91' lang='lat' dir='ltr'>che</span> <span class='ocrx_word' id='word_1_376' title='bbox 1746 4216 1824 4257; x_wconf 91' lang='lat' dir='ltr'>ne</span> <span class='ocrx_word' id='word_1_377' title='bbox 1871 4193 2077 4257; x_wconf 85' lang='lat' dir='ltr'>dovea</span> <span class='ocrx_word' id='word_1_378' title='bbox 2123 4214 2392 4279; x_wconf 83' lang='lat' dir='ltr'>pregare</span> <span class='ocrx_word' id='word_1_379' title='bbox 2438 4194 2569 4258; x_wconf 87' lang='lat' dir='ltr'>Sua</span> <span class='ocrx_word' id='word_1_380' title='bbox 2601 4192 2873 4258; x_wconf 82' lang='lat' dir='ltr'>Cesarea</span> <span class='ocrx_word' id='word_1_381' title='bbox 2904 4193 3167 4275; x_wconf 73' lang='lat' dir='ltr'>Maesta,</span> <span class='ocrx_word' id='word_1_382' title='bbox 3214 4194 3345 4279; x_wconf 89' lang='lat' dir='ltr'>poi·</span> 
     </span>
     <span class='ocr_line' id='line_1_36' title="bbox 683 4299 3437 4388; baseline -0 -20"><span class='ocrx_word' id='word_1_383' title='bbox 683 4303 802 4368; x_wconf 73' lang='lat' dir='ltr'>che</span> <span class='ocrx_word' id='word_1_384' title='bbox 848 4302 911 4367; x_wconf 87' lang='lat' dir='ltr'>la</span> <span class='ocrx_word' id='word_1_385' title='bbox 955 4303 1021 4366; x_wconf 86' lang='lat' dir='ltr'>vi</span> <span class='ocrx_word' id='word_1_386' title='bbox 1067 4304 1120 4367; x_wconf 89' lang='lat' dir='ltr'>si</span> <span class='ocrx_word' id='word_1_387' title='bbox 1166 4311 1434 4368; x_wconf 84' lang='lat' dir='ltr'>trovava</span> <span class='ocrx_word' id='word_1_388' title='bbox 1478 4302 1792 4388; x_wconf 87' lang='lat' dir='ltr'>disposta,</span> <span class='ocrx_word' id='word_1_389' title='bbox 1854 4308 1917 4365; x_wconf 80' lang='lat' dir='ltr'>et</span> <span class='ocrx_word' id='word_1_390' title='bbox 1975 4299 2091 4365; x_wconf 91' lang='grc'><strong>6116</strong></span> <span class='ocrx_word' id='word_1_391' title='bbox 2137 4300 2343 4365; x_wconf 85' lang='lat' dir='ltr'>dovea</span> <span class='ocrx_word' id='word_1_392' title='bbox 2388 4300 2742 4366; x_wconf 86' lang='lat' dir='ltr'>mandarmi</span> <span class='ocrx_word' id='word_1_393' title='bbox 2790 4324 2876 4365; x_wconf 90' lang='lat' dir='ltr'>un</span> <span class='ocrx_word' id='word_1_394' title='bbox 2923 4299 3116 4366; x_wconf 85' lang='lat' dir='ltr'>breve</span> <span class='ocrx_word' id='word_1_395' title='bbox 3162 4313 3437 4388; x_wconf 63' lang='lat' dir='ltr'>sopra-³35</span> 
     </span>
     <span class='ocr_line' id='line_1_37' title="bbox 684 4404 3347 4498; baseline -0 -22"><span class='ocrx_word' id='word_1_396' title='bbox 684 4410 764 4476; x_wconf 91' lang='lat' dir='ltr'>de</span> <span class='ocrx_word' id='word_1_397' title='bbox 811 4410 907 4476; x_wconf 75' lang='lat' dir='ltr'>cio</span> <span class='ocrx_word' id='word_1_398' title='bbox 953 4412 1019 4475; x_wconf 89' lang='lat' dir='ltr'>in</span> <span class='ocrx_word' id='word_1_399' title='bbox 1064 4410 1224 4476; x_wconf 88' lang='lat' dir='ltr'>ch&#39;io</span> <span class='ocrx_word' id='word_1_400' title='bbox 1270 4419 1515 4498; x_wconf 88' lang='lat' dir='ltr'>potesse</span> <span class='ocrx_word' id='word_1_401' title='bbox 1561 4408 1645 4475; x_wconf 86' lang='lat' dir='ltr'>da</span> <span class='ocrx_word' id='word_1_402' title='bbox 1689 4414 1871 4494; x_wconf 85' lang='lat' dir='ltr'>parte</span> <span class='ocrx_word' id='word_1_403' title='bbox 1918 4407 1983 4472; x_wconf 92' lang='lat' dir='ltr'>di</span> <span class='ocrx_word' id='word_1_404' title='bbox 2031 4407 2161 4473; x_wconf 87' lang='lat' dir='ltr'>Sua</span> <span class='ocrx_word' id='word_1_405' title='bbox 2192 4407 2441 4473; x_wconf 72' lang='lat' dir='ltr'>Santita</span> <span class='ocrx_word' id='word_1_406' title='bbox 2486 4431 2609 4472; x_wconf 91' lang='lat' dir='ltr'>non</span> <span class='ocrx_word' id='word_1_407' title='bbox 2659 4406 2789 4472; x_wconf 89' lang='lat' dir='ltr'>solo</span> <span class='ocrx_word' id='word_1_408' title='bbox 2830 4409 2894 4473; x_wconf 91' lang='lat' dir='ltr'>in</span> <span class='ocrx_word' id='word_1_409' title='bbox 2928 4404 3146 4496; x_wconf 86' lang='lat' dir='ltr'>questo</span> <span class='ocrx_word' id='word_1_410' title='bbox 3179 4432 3347 4492; x_wconf 83' lang='lat' dir='ltr'>caso,</span> 
     </span>
     <span class='ocr_line' id='line_1_38' title="bbox 685 4514 3343 4611; baseline -0.001 -29"><span class='ocrx_word' id='word_1_411' title='bbox 685 4540 790 4582; x_wconf 88' lang='lat' dir='ltr'>ma</span> <span class='ocrx_word' id='word_1_412' title='bbox 844 4519 908 4581; x_wconf 91' lang='lat' dir='ltr'>in</span> <span class='ocrx_word' id='word_1_413' title='bbox 972 4520 1118 4604; x_wconf 89' lang='lat' dir='ltr'>ogni</span> <span class='ocrx_word' id='word_1_414' title='bbox 1180 4517 1340 4583; x_wconf 87' lang='lat' dir='ltr'>altro</span> <span class='ocrx_word' id='word_1_415' title='bbox 1401 4516 1600 4582; x_wconf 90' lang='lat' dir='ltr'>simile</span> <span class='ocrx_word' id='word_1_416' title='bbox 1657 4516 1740 4581; x_wconf 88' lang='lat' dir='ltr'>ad</span> <span class='ocrx_word' id='word_1_417' title='bbox 1787 4514 2093 4581; x_wconf 90' lang='lat' dir='ltr'>beneficio</span> <span class='ocrx_word' id='word_1_418' title='bbox 2140 4515 2306 4581; x_wconf 89' lang='lat' dir='ltr'>della</span> <span class='ocrx_word' id='word_1_419' title='bbox 2350 4514 2652 4602; x_wconf 91' lang='lat' dir='ltr'>religione</span> <span class='ocrx_word' id='word_1_420' title='bbox 2697 4524 2759 4582; x_wconf 92' lang='lat' dir='ltr'>et</span> <span class='ocrx_word' id='word_1_421' title='bbox 2804 4518 2976 4582; x_wconf 90' lang='lat' dir='ltr'>aiuto</span> <span class='ocrx_word' id='word_1_422' title='bbox 3024 4515 3189 4611; x_wconf 71' lang='lat' dir='ltr'>della</span> <span class='ocrx_word' id='word_1_423' title='bbox 3232 4519 3343 4581; x_wconf 91' lang='lat' dir='ltr'>im-</span> 
     </span>
    </p>
   </div>
   <div class='ocr_carea' id='block_1_3' title="bbox 753 4657 946 4661">
    <p class='ocr_par' dir='ltr' id='par_1_7' title="bbox 753 4657 946 4661">
     <span class='ocr_line' id='line_1_39' title="bbox 753 4657 946 4661; baseline 0 0"><span class='ocrx_word' id='word_1_424' title='bbox 753 4657 946 4661; x_wconf 95' lang='lat' dir='ltr'> </span> 
     </span>
    </p>
   </div>
   <div class='ocr_carea' id='block_1_4' title="bbox 828 4730 3436 4929">
    <p class='ocr_par' dir='ltr' id='par_1_8' title="bbox 828 4730 3436 4929">
     <span class='ocr_line' id='line_1_40' title="bbox 828 4730 3345 4785; baseline 0 -14"><span class='ocrx_word' id='word_1_425' title='bbox 828 4735 874 4782; x_wconf 76' lang='lat' dir='ltr'>a)</span> <span class='ocrx_word' id='word_1_426' title='bbox 905 4732 1016 4773; x_wconf 79' lang='lat' dir='ltr'>Ende</span> <span class='ocrx_word' id='word_1_427' title='bbox 1043 4733 1115 4774; x_wconf 74' lang='lat' dir='ltr'>der</span> <span class='ocrx_word' id='word_1_428' title='bbox 1146 4732 1293 4785; x_wconf 67' lang='lat' dir='ltr'>Chtjffer</span> <span class='ocrx_word' id='word_1_429' title='bbox 1324 4732 1420 4781; x_wconf 74' lang='lat' dir='ltr'>(das</span> <span class='ocrx_word' id='word_1_430' title='bbox 1447 4731 1633 4783; x_wconf 49' lang='lat' dir='ltr'>omri-at</span> <span class='ocrx_word' id='word_1_431' title='bbox 1660 4733 1734 4773; x_wconf 74' lang='lat' dir='ltr'>hal</span> <span class='ocrx_word' id='word_1_432' title='bbox 1761 4745 1847 4773; x_wconf 78' lang='lat' dir='ltr'>nur</span> <span class='ocrx_word' id='word_1_433' title='bbox 1873 4733 1978 4773; x_wconf 75' lang='lat' dir='ltr'>noch</span> <span class='ocrx_word' id='word_1_434' title='bbox 2007 4732 2142 4783; x_wconf 81' lang='lat' dir='ltr'>primo</span> <span class='ocrx_word' id='word_1_435' title='bbox 2172 4730 2254 4772; x_wconf 84' lang='lat' dir='ltr'>che</span> <span class='ocrx_word' id='word_1_436' title='bbox 2284 4731 2319 4771; x_wconf 87' lang='lat' dir='ltr'>il</span> <span class='ocrx_word' id='word_1_437' title='bbox 2348 4742 2447 4772; x_wconf 77' lang='lat' dir='ltr'>vero</span> <span class='ocrx_word' id='word_1_438' title='bbox 2482 4754 2527 4760; x_wconf 93' lang='lat'>—</span> <span class='ocrx_word' id='word_1_439' title='bbox 2563 4732 2842 4782; x_wconf 68' lang='lat' dir='ltr'>largamonto.</span> <span class='ocrx_word' id='word_1_440' title='bbox 2870 4743 2906 4771; x_wconf 75' lang='lat' dir='ltr'>s.</span> <span class='ocrx_word' id='word_1_441' title='bbox 2927 4731 3097 4771; x_wconf 65' lang='lat' dir='ltr'>retich-*zie</span> <span class='ocrx_word' id='word_1_442' title='bbox 3124 4731 3345 4780; x_wconf 64' lang='lat' dir='ltr'>ramola).</span> 
     </span>
     <span class='ocr_line' id='line_1_41' title="bbox 828 4803 2934 4855; baseline -0.001 -10"><span class='ocrx_word' id='word_1_443' title='bbox 828 4804 873 4855; x_wconf 80' lang='lat' dir='ltr'>b)</span> <span class='ocrx_word' id='word_1_444' title='bbox 900 4805 981 4846; x_wconf 84' lang='lat' dir='ltr'>che</span> <span class='ocrx_word' id='word_1_445' title='bbox 1010 4805 1044 4844; x_wconf 82' lang='lat' dir='ltr'>il</span> <span class='ocrx_word' id='word_1_446' title='bbox 1074 4816 1171 4845; x_wconf 85' lang='lat' dir='ltr'>vero</span> <span class='ocrx_word' id='word_1_447' title='bbox 1201 4805 1476 4846; x_wconf 70' lang='lat' dir='ltr'>fondamento</span> <span class='ocrx_word' id='word_1_448' title='bbox 1504 4826 1554 4834; x_wconf 94' lang='lat'>—</span> <span class='ocrx_word' id='word_1_449' title='bbox 1583 4804 1849 4855; x_wconf 74' lang='lat' dir='ltr'>largamente</span> <span class='ocrx_word' id='word_1_450' title='bbox 1876 4806 1921 4844; x_wconf 68' lang='lat' dir='ltr'>in</span> <span class='ocrx_word' id='word_1_451' title='bbox 1954 4803 2146 4855; x_wconf 54' lang='grc' dir='ltr'>(Πείθωνα.</span> <span class='ocrx_word' id='word_1_452' title='bbox 2928 4814 2934 4819; x_wconf 80' lang='lat'><strong>·</strong></span> 
     </span>
     <span class='ocr_line' id='line_1_42' title="bbox 832 4857 3436 4929; baseline -0.002 -12"><span class='ocrx_word' id='word_1_453' title='bbox 832 4878 872 4927; x_wconf 85' lang='lat' dir='ltr'>c)</span> <span class='ocrx_word' id='word_1_454' title='bbox 902 4876 973 4917; x_wconf 83' lang='lat' dir='ltr'>del</span> <span class='ocrx_word' id='word_1_455' title='bbox 1003 4878 1280 4919; x_wconf 77' lang='lat' dir='ltr'>arclvescovo</span> <span class='ocrx_word' id='word_1_456' title='bbox 1308 4877 1354 4917; x_wconf 79' lang='lat' dir='ltr'>di</span> <span class='ocrx_word' id='word_1_457' title='bbox 1383 4876 1564 4917; x_wconf 75' lang='lat' dir='ltr'>Colonia</span> <span class='ocrx_word' id='word_1_458' title='bbox 1590 4878 1636 4917; x_wconf 70' lang='grc' dir='ltr'>ἐπ</span> <span class='ocrx_word' id='word_1_459' title='bbox 1667 4875 1861 4929; x_wconf 57' lang='grc' dir='ltr'>ωιιζῐωνι.</span> <span class='ocrx_word' id='word_1_460' title='bbox 3364 4857 3436 4912; x_wconf 81' lang='grc'>40</span> 
     </span>
    </p>
   </div>
  </div>
 </body>
</html>
