3859 5575
1450 491 1548 545 Νο.
1591 492 1722 546 116:
1764 492 1902 546 1546
1937 492 2137 545 Januar
2183 494 2259 546 14.
3077 490 3181 552 531

693 688 767 753 Gi
817 687 895 751 ha
943 687 1116 752 detto
1162 687 1663 752 l’ambasciatore
1711 689 1775 752 di
1826 689 2099 753 Francia
2144 689 2365 774 hoggi,
2415 712 2592 753 come
2638 690 2900 753 essendo
2945 691 3180 756 andato

515 819 554 860 a
599 796 800 882 questi
849 796 1052 880 giorni
1100 818 1139 858 a
1185 795 1576 859 domandam
1637 794 1764 860 alla
1825 798 2046 881 regina
2090 796 2330 879 Maria,
2393 818 2571 861 come
2629 798 3068 882 governatrice
3114 799 3181 864 di

515 903 715 988 questi
767 903 968 987 paesi,
1034 924 1120 965 un
1181 900 1356 965 salvo
1419 902 1720 967 condutto
1768 926 1804 966 o
1852 912 2220 989 passaporto
2280 926 2392 989 per
2454 927 2538 967 un
2595 904 2980 989 gentilhomo
3027 905 3185 971 che'l

516 1032 582 1072 re
630 1032 741 1072 suo
789 1007 1024 1072 manda
1070 1010 1134 1072 in
1182 1009 1424 1091 Sectis„
1484 1008 1525 1073 li
1590 1008 1671 1074 ha
1729 1012 1998 1096 risposto
2059 1010 2176 1073 οὔθ
2222 1010 2264 1073 li
2311 1012 2450 1074 sarh
2495 1011 2648 1076 dare
2697 1011 3077 1097 vettovaglie
3124 1020 3186 1078 et

462 1117 662 1201 bogni
704 1115 864 1180 altra
912 1139 1059 1180 cosa
1106 1116 1220 1180 οὔθ
1267 1115 1308 1180 li
1356 1115 1710 1202 bisognerh,
1757 1140 1862 1181 ma
1911 1116 2028 1181 οὔθ
2074 1141 2200 1181 non
2237 1117 2419 1183 vuole
2460 1118 2752 1183 ordinare
2784 1142 2823 1183 a
2855 1119 3184 1186 barcarolo

517 1222 746 1287 alcuno
794 1223 909 1287 che
957 1222 1125 1287 vada
1171 1225 1234 1287 in
1284 1224 1526 1306 Scede,
1587 1222 1818 1309 perche
1880 1224 1966 1287 da
2025 1222 2232 1288 alcuni
2280 1227 2436 1288 mesi
2484 1226 2548 1289 in
2596 1249 2723 1312 qua
2770 1225 2853 1290 da
2899 1226 3184 1291 Scozzesi

516 1352 668 1393 sono
716 1331 862 1394 stati
909 1332 1270 1395 assassinati
1301 1338 1362 1394 et
1394 1331 1701 1394 amazzati
1750 1329 1846 1394 sul
1894 1354 2067 1394 mare
2116 1329 2288 1395 molti
2337 1331 2572 1396 sudditi
2620 1332 2685 1395 di
2735 1334 2935 1418 questi
2983 1335 3184 1418 paesi3

517 1445 579 1500 et
634 1435 748 1500 che
809 1460 922 1523 per
982 1446 1203 1524 questo
1266 1436 1388 1501 ella
1443 1436 1690 1502 haveva
1752 1438 1899 1501 dato
1966 1435 2219 1501 lieentia
2263 1460 2302 1501 a
2351 1440 2492 1502 tutti
2551 1439 2596 1503 li
2656 1438 2889 1504 sudditi
2949 1439 3015 1503 di
3062 1464 3188 1527 qua

519 1542 634 1608 che
681 1544 1076 1609 s'armassero
1125 1553 1189 1609 et
1233 1544 1670 1609 defendcssero
1731 1544 1883 1609 dalli
1941 1543 2157 1609 insulti
2203 1544 2282 1608 de
2328 1545 2631 1610 Scozzesi.
2726 1554 2788 1611 et
2832 1548 2897 1610 in
2946 1570 3188 1611 somma

431 1659 498 1711 10
519 1673 643 1715 non
693 1651 736 1714 li
782 1651 945 1716 volle
991 1652 1145 1715 dare
1190 1651 1352 1716 altro
1398 1659 1801 1738 passaportO,
1861 1659 1925 1716 et
1985 1653 2034 1715 si
2097 1651 2271 1716 dolse
2329 1651 2529 1716 anche
2588 1651 2703 1717 οὔθ
2751 1653 2834 1717 da
2884 1654 3183 1718 Francesi

517 1758 684 1821 fusse
730 1758 886 1821 fatto
934 1782 1091 1845 poco
1138 1782 1364 1824 manco
1412 1758 1527 1823 οὔθ
1573 1758 1617 1822 il
1663 1758 2037 1843 medesim03
2083 1766 2145 1823 et
2190 1759 2304 1823 οὔθ
2352 1783 2466 1845 per
2511 1768 2744 1846 quanto
2793 1761 3183 1826 s’andassero

520 1887 558 1927 a
604 1863 816 1929 dolere
862 1865 988 1931 alla
1031 1867 1269 1931 iustitia
1316 1866 1380 1931 di
1413 1866 1708 1948 Francia,
1755 1867 1881 1929 mai
1925 1865 2013 1951 gli
2062 1889 2173 1930 era
2218 1869 2496 1952 provisto
2544 1869 2606 1930 in
2654 1867 2840 1932 alcun
2890 1869 3074 1933 modo
3121 1879 3183 1933 et

518 1994 765 2058 sempre
824 1975 1231 2059 ripertavano
1292 1973 1354 2038 la
1401 1974 1711 2037 sententia
1771 1980 1994 2037 contra
2047 1974 2112 2036 in
2173 1973 2321 2058 ogni
2381 1996 2544 2038 caso.
2636 1975 2683 2038 il
2730 1974 2844 2039 οὔθ
2905 1975 2944 2038 il
3010 1974 3180 2039 detto

518 2077 976 2144 ambasciatore
1023 2083 1081 2146 ci
1126 2080 1210 2144 ha
1258 2087 1619 2146 raccontato
1666 2103 1792 2144 non
1825 2102 2018 2144 senza
2049 2080 2487 2163 amaritudine,
2536 2080 2898 2147 mostrando
2931 2081 3189 2147 d’haver

430 2194 499 2247 15
518 2188 855 2274 oppinione
913 2187 1029 2252 οὔθ
1090 2190 1187 2253 cio
1244 2190 1292 2252 si
1352 2189 1589 2253 facesse
1649 2189 1714 2251 in
1759 2189 1968 2274 gratia
2013 2186 2367 2273 d'Anglesi‚
2427 2180 2491 2254 ct
2545 2189 2835 2255 temendo
2884 2188 2999 2253 che
3044 2189 3187 2276 quel

518 2317 711 2380 regno
759 2317 879 2359 non
931 2296 1100 2359 fusse
1144 2295 1506 2360 finalmente
1552 2318 1665 2382 per
1720 2295 2062 2381 disperarsi
2108 2303 2171 2359 et
2215 2293 2685 2360 abbandonaisi
2716 2295 2818 2359 all’
2843 2296 3082 2361 heresie
3128 2305 3191 2362 et

519 2402 728 2487 voglie
774 2402 1234 2489 d'Inghilterra.
1328 2426 1446 2468 con
1506 2410 1668 2466 tutto
1731 2403 1828 2468 οἰὸ
1889 2403 1944 2467 ci
2006 2402 2253 2467 affirmo
2312 2404 2423 2489 piu
2484 2402 2650 2468 volte
2710 2402 2824 2467 οὔθ
2872 2402 2914 2467 il
2960 2426 3075 2468 suo
3120 2428 3189 2468 re

521 2534 647 2574 non
694 2509 950 2575 lasseria
997 2533 1109 2597 per
1171 2518 1389 2597 questo
1446 2511 1513 2575 di
1573 2511 1947 2575 continuare
2008 2512 2073 2574 in
2132 2509 2299 2575 bona
2365 2512 2643 2575 amicitia
2711 2520 2774 2576 et
2842 2534 3001 2598 pace
3070 2535 3187 2576 con

521 2616 940 2704 l'irnperatore
1001 2625 1064 2683 et
1133 2616 1250 2682 che
1312 2620 1443 2682 cosi
1503 2620 1633 2683 Sua
1692 2616 1941 2681 Maesta
1999 2617 2282 2682 Christum
2343 2617 2594 2683 haveva
2661 2618 2832 2684 detto
2889 2629 2952 2683 et
3020 2619 3188 2684 affir-

431 2730 502 2783 20
521 2734 690 2790 mato
737 2723 836 2804 aH'
885 2723 1339 2791 ambasciatore
1385 2726 1451 2791 di
1498 2722 1626 2790 Sua
1689 2724 1930 2790 Maesti»
1977 2723 2277 2809 Cesarea,
2339 2724 2442 2791 dal
2503 2723 2688 2812 quale
2734 2724 2823 2811 gli
2868 2749 2978 2791 era
3025 2734 3190 2791 stata

521 2834 678 2897 satta
708 2832 770 2897 la
815 2833 1157 2898 medesima
1203 2834 1634 2919 propositione
1680 2855 1799 2896 con
1846 2831 2238 2917 larghissime
2284 2833 2498 2918 parole
2531 2832 2596 2922 ¹).
2694 2833 2814 2897 ben
2863 2834 2916 2897 si
2963 2833 3189 2899 doleva

520 2941 586 3004 di
635 2939 860 3004 vedere
907 2947 1123 3025 queste
1170 2939 1454 3025 pratiche
1501 2938 1945 3024 d'Inghilterra
1993 2941 2123 3003 cosi
2171 2946 2384 3004 strette
2412 2940 2498 3026 2),
2561 2940 2790 3026 perche
2848 2948 3009 3005 tutto
3061 2964 3188 3005 non

522 3054 751 3132 poteva
798 3069 1000 3111 essere
1044 3047 1125 3111 ad
1173 3047 1331 3111 altro
1378 3046 1587 3111 effetto
1636 3046 1750 3110 che
1796 3054 2018 3110 contra
2063 3045 2162 3111 del
2212 3069 2323 3110 suo
2370 3069 2467 3130 re3
2515 3046 2851 3111 tuttavolta
2898 3046 3012 3111 che
3061 3071 3186 3112 non

524 3176 636 3239 per
695 3163 913 3240 questo
975 3154 1023 3218 si
1085 3154 1368 3218 crederia
1427 3154 1511 3216 da
1570 3152 1702 3218 Sua
1761 3153 2007 3217 Maesti}
2065 3152 2345 3218 Christm
2406 3153 2470 3217 di
2531 3154 2728 3219 dover
2790 3156 2919 3218 cosi
2980 3163 3188 3241 presto

439 3263 509 3316 25
525 3284 729 3326 essere
775 3268 1038 3326 astretta
1082 3262 1147 3325 di
1193 3262 1478 3325 maniera
1523 3260 1638 3325 che
1681 3262 1850 3325 fusse
1898 3262 2272 3325 necessitata
2331 3259 2596 3347 pigliare
2653 3285 2771 3325 con
2820 3261 3075 3327 heretici
3123 3263 3188 3327 di

523 3367 870 3434 Germania
926 3367 1088 3433 altra
1151 3369 1381 3433 unione
1446 3369 1509 3432 di
1557 3368 1764 3454 quella
1810 3366 1925 3433 che
1972 3366 2234 3433 havesse
2282 3367 2521 3432 havuta
2565 3368 2653 3432 fin
2701 3370 2840 3455 qui,
2903 3392 3079 3435 come
3134 3372 3187 3434 si

523 3639 798 3708 Eryebnis
846 3639 1214 3708 abyebrochen
1262 3637 1483 3692 worden
1490 3656 1511 3704 ;
1561 3637 1652 3690 die
1700 3637 2036 3706 Einqehunq
2084 3637 2229 3691 eines
2265 3637 2624 3692 Stillstandes
2671 3637 2951 3692 scheiterte
2988 3636 3190 3706 daran,

525 3726 643 3798 dass
670 3729 1016 3784 Frankreiclz
1051 3729 1198 3784 scine
1235 3727 1627 3795 Verbandetem
1666 3727 1756 3781 die
1783 3727 2058 3795 Schotten,
2097 3727 2451 3795 einbeffliffen
2486 3729 2681 3782 wissen
2716 3727 2908 3794 wollte,
2945 3743 3193 3795 woyeqen

523 3818 796 3889 Enylcmd
830 3819 948 3873 sich
981 3818 1239 3873 straubte.
1325 3817 1438 3887 Vyl.
1478 3817 1834 3886 Slatepapers
1868 3817 1947 3885 X,
1984 3833 2069 3869 nr.
2097 3819 2241 3871 1297
2277 3816 2446 3883 (auch
2481 3817 2769 3872 Serristori
2805 3819 2871 3869 31
2901 3815 3192 3870 Dezember

434 3900 506 3952 30
527 3908 609 3962 bei
647 3926 693 3961 υ.
733 3907 963 3973 Druffel
995 3908 1103 3975 IV,
1152 3924 1238 3961 nr.
1278 3910 1348 3960 14
1383 3906 1505 3962 und
1553 3925 1646 3961 am
1688 3910 1755 3960 14
1792 3907 2020 3961 Januar
2067 3905 2320 3961 ebendas.
2370 3921 2455 3959 nr.
2492 3906 2608 3972 20).
2683 3905 2800 3959 Der
2835 3903 3093 3959 Nuntius
3128 3905 3192 3958 in

524 3998 870 4053 Frank-reich
917 3997 1180 4053 vermerkt
1226 4015 1316 4051 am
1365 4000 1430 4050 31
1465 3996 1772 4062 Dezember,
1823 3993 1946 4063 dass
1992 4013 2125 4050 man
2173 3995 2263 4054 dia
2311 3993 2723 4061 framosischen
2767 3992 3192 4061 Untcrhdndler,

525 4087 776 4143 Soissons
811 4088 933 4141 und
969 4087 1235 4154 Βέηιοηᾱ,
1275 4104 1365 4140 am
1400 4085 1552 4152 Hofe
1587 4085 2032 4140 zurackerwarte.
2109 4081 2335 4150 Parma,
2371 4082 2537 4139 Carte
2574 4082 2799 4136 Fames,
2842 4080 2991 4151 Oria.

671 4177 708 4244 ι)
755 4177 865 4246 Vyl.
899 4177 1002 4231 das
1027 4194 1096 4232 zu
1124 4193 1211 4231 nr.
1242 4179 1336 4229 115
1365 4176 1694 4245 anyefilhrte
1723 4174 2017 4230 Schreiben
2043 4173 2347 4228 Dandinos
2382 4189 2460 4225 an
2488 4171 2781 4226 Kardinal
2810 4172 3041 4227 Cer-vino
3076 4189 3193 4226 vom

440 4273 445 4277 ’
527 4271 626 4333 13.,
653 4268 882 4321 wonach
907 4266 1211 4321 Granvella
1237 4267 1351 4319 ihm
1379 4266 1657 4332 berichtet,
1688 4264 1784 4319 der
1813 4263 2135 4318 kaiserliche
2166 4262 2441 4317 Gesandte
2467 4262 2532 4314 in
2559 4261 2909 4316 Frankreich
2936 4262 3190 4328 scheibe,

438 4344 510 4398 35
530 4356 604 4409 K.
634 4356 827 4409 Franz
865 4356 999 4410 habe
1036 4356 1119 4410 bei
1156 4355 1255 4409 der
1293 4356 1487 4410 lemen
1517 4353 1774 4407 Audienz
1809 4354 1979 4418 detto,
2016 4350 2293 4407 affirmato
2331 4358 2388 4405 et
2415 4351 2634 4421 giurato
2672 4350 3007 4421 larg-amente
3046 4349 3195 4403 voler

528 4461 677 4498 esser
714 4444 891 4499 amico
927 4444 1052 4498 dell'
1081 4444 1409 4515 imperatore
1445 4450 1503 4497 et
1531 4443 1755 4496 servarli
1785 4458 1999 4511 sempre
2027 4442 2117 4495 dal
2146 4457 2246 4495 suo
2275 4441 2386 4495 lato
2416 4440 2561 4494 bona
2595 4456 2749 4511 pace.
2822 4440 2971 4494 Man
2993 4440 3193 4508 ylaube

528 4534 631 4588 das
647 4534 768 4588 hier
787 4534 933 4600 aber,
962 4533 1086 4603 [ἱέμε
1104 4533 1377 4587 Dandino
1402 4533 1588 4593 hiram,
1617 4549 1710 4585 um
1735 4548 1794 4586 so
1813 4532 2067 4600 weniyer‚
2095 4532 2179 4584 als
2198 4547 2328 4584 man
2347 4547 2451 4584 von
2469 4528 2803 4598 Biz-stamen
2821 4527 3195 4583 Frankreiahs

527 4625 591 4678 in
612 4623 864 4678 Piemont
889 4625 1017 4677 ho're
1044 4641 1102 4677 u.
1122 4640 1163 4677 s.
1184 4640 1247 4676 w.
1280 4652 1344 4659 -—
1376 4613 1617 4676 Almuch
1645 4621 1743 4675 der
1769 4621 2045 4688 florentin.
2065 4620 2291 4675 Bericht
2309 4637 2398 4673 am
2423 4622 2524 4686 14„
2554 4635 2601 4673 v.
2622 4618 2847 4685 Druffel
2863 4617 2969 4684 1V,
2998 4634 3083 4670 nr.
3102 4620 3193 4671 20.

673 4712 713 4780 ²)
765 4712 878 4782 Vyl.
919 4712 1229 4766 Gurdiners
1257 4710 1533 4779 Depesche
1569 4727 1691 4764 vom
1718 4714 1787 4764 18
1815 4710 2059 4777 Januar,
2098 4709 2457 4779 Statepapers
2493 4707 2605 4777 XI,
2640 4724 2730 4763 nr.
2768 4709 2926 4760 1305.
3000 4706 3074 4759 In
3099 4705 3197 4759 der

439 4790 511 4844 40
533 4803 676 4857 That
703 4804 971 4860 nahmen
998 4804 1113 4858 sich
1142 4802 1231 4856 die
1260 4800 1724 4870 Verhandlunyen
1745 4801 1838 4856 des
1863 4800 2095 4854 Kaiscrs
2121 4800 2221 4853 mit
2249 4797 2522 4867 Επρῑαπά
2547 4797 2721 4851 einem
2749 4793 3197 4864 bofriediyenden

529 4888 834 4960 Abschluss,
915 4891 1025 4978 Vgl.
1065 4892 1211 4961 ᾳιιςή
1251 4889 1518 4958 Coracinus
1555 4891 1689 4946 oben
1727 4904 2103 4961 anqezoqenen
2138 4888 2368 4942 Bericlzt
2403 4886 2565 4943 sowie
2600 4887 2837 5027 ”243²

3263 693 3404 742 1546

3218 761 3350 815 Jan.
3378 765 3442 814 14
