3859 5575
664 436 739 502 0⁰
1674 440 1772 497 No.
1809 444 1867 496 ⁸2
1910 398 2050 499 1545
2088 444 2234 514 April
2273 444 2321 498 4.

465 643 605 693 1545
670 645 881 703 mento
941 637 1065 702 alla
1124 639 1566 724 prosecutione
1624 637 1727 704 del
1783 638 2050 704 concilio
2103 640 2172 703 in
2218 639 2599 723 Germania,
2672 640 2904 727 perche
2963 640 3230 706 volendo
3282 639 3330 706 li

437 712 575 779 Apr.
596 715 631 764 4
668 746 938 833 principi
997 745 1264 810 seculari
1321 744 1552 831 pigliar
1597 745 1676 810 de
1721 746 1889 811 facto
1936 746 2146 833 quella
2191 750 2437 833 potesta
2481 746 2596 812 che
2642 771 2769 812 non
2829 748 2864 811 e
2909 746 3069 830 loro,
3129 756 3194 813 et
3237 748 3330 813 di-

667 851 848 917 vider
876 859 1099 939 questa
1128 851 1349 916 inclita
1394 853 1648 917 natione
1695 852 1860 918 dalle
1905 851 2084 935 altre,
2132 875 2260 920 non
2306 854 2555 920 vedeva
2586 854 2816 920 Nostro
2848 853 3113 941 Signore
3152 877 3331 921 corne

667 957 724 1025 le
770 959 927 1024 altre
973 960 1021 1024 si
1070 957 1418 1024 havesseno
1463 983 1505 1024 a
1548 959 1797 1025 ridurre
1843 983 1885 1025 a
1930 960 2202 1043 Trent0,
2263 984 2329 1027 se
2374 962 2442 1026 in
2487 985 2618 1027 una
2661 961 2832 1027 dieta
2878 961 3225 1049 particular
3268 971 3332 1029 et

666 1065 747 1132 de
791 1066 960 1153 layci
1004 1088 1118 1153 per
1162 1064 1224 1130 la
1271 1067 1560 1152 maggior
1604 1076 1785 1154 parte
1831 1068 1883 1132 si
1926 1067 2238 1133 decideva
2269 1068 2414 1156 quel
2461 1069 2578 1134 che
2624 1077 2808 1135 tocca
2851 1092 2892 1135 a
2922 1069 3053 1135 Sua
3084 1071 3332 1136 Santita
3385 1081 3421 1134 5

666 1181 731 1239 et
773 1172 835 1237 al
881 1172 1148 1238 concilio
1193 1172 1548 1239 universale
1603 1174 1874 1240 secondo
1939 1175 2233 1260 gl'ordini
2279 1175 2444 1241 della
2498 1177 2710 1242 chiesa
2764 1184 2977 1255 santa,
3038 1179 3328 1264 sog-giun-

666 1280 873 1367 gendo
913 1280 1028 1346 che
1060 1280 1166 1347 Su'
1200 1280 1400 1367 Regia
1445 1289 1508 1345 et
1552 1304 1734 1347 sacra
1766 1282 2013 1347 Maesta
2058 1281 2310 1347 haveva
2357 1285 2463 1348 via
2508 1283 2702 1348 molto
2747 1283 2930 1349 facile
2976 1283 3061 1348 da
3089 1286 3329 1371 rispon-

667 1387 782 1453 der
825 1410 867 1451 8
913 1387 1328 1466 Protestanti‚
1386 1387 1616 1474 perche
1675 1388 1720 1454 li
1777 1391 2009 1454 recessi
2055 1389 2216 1455 delle
2262 1391 2427 1456 diete
2474 1398 2751 1478 passate,
2812 1390 2928 1455 che
2982 1390 3332 1477 parlavano

668 1495 733 1560 di
781 1502 1090 1561 convento
1138 1493 1473 1578 nationale,
1520 1518 2090 1583 presupponevano
2137 1520 2384 1584 sempre
2430 1519 2557 1562 11011
2604 1499 2655 1562 si
2701 1505 2883 1584 poter
2927 1519 3245 1563 convocat
3286 1496 3332 1561 il

669 1602 933 1668 concilio
981 1601 1358 1685 universale,
1403 1601 1449 1666 il
1496 1602 1681 1690 quale
1728 1601 1882 1668 bora
1929 1604 1965 1667 ὲ
2012 1606 2077 1668 in
2123 1626 2344 1670 essere.
2769 1644 2779 1652 -
3354 1616 3423 1669 10

848 1710 946 1775 La
1000 1712 1271 1797 risposta
1328 1710 1397 1775 fu
1459 1733 1579 1775 con
1640 1711 1828 1776 molte
1885 1710 2102 1797 parole
2160 1711 2459 1798 prudenti
2517 1720 2581 1776 et
2637 1712 2822 1799 piene
2879 1711 2944 1776 di
3003 1710 3332 1798 religione:
3511 1736 3522 1771 ι

670 1819 784 1884 der
829 1818 908 1883 K
904 1818 1050 1899 (iniq
1096 1816 1488 1894 entwickelte‚
1534 1818 1667 1900 dast
1709 1819 1832 1882 seit
1874 1819 2012 1883 dem
2056 1839 2145 1882 an
2191 1819 2394 1883 dieser
2433 1818 2618 1883 stelle
2661 1840 2771 1883 vor
2815 1822 2904 1884 24
2936 1818 3189 1885 Jahren
3230 1837 3333 1899 ye-

670 1925 959 1990 haltenen
1004 1924 1341 2007 Reichstay
1406 1925 1509 1989 die
1555 1924 2073 2007 Reliyionssaehe
2132 1924 2266 2005 auf
2300 1926 2410 1991 der
2463 1925 2950 2008 Tayesordnuny
2994 1925 3159 1990 stelae
3203 1925 3339 1989 und

669 2032 801 2096 sich
848 2033 1067 2097 immer
1110 2031 1283 2095 mehr
1329 2032 1430 2095 die
1463 2031 1965 2114 Notwendiykeit
2009 2032 2118 2096 des
2156 2032 2427 2097 Konzils
2470 2031 2941 2116 herausyestellt
2984 2032 3149 2109 habe,
3195 2031 3333 2095 wel—

670 2140 807 2204 ches
838 2140 993 2222 jetzt
1038 2137 1274 2203 schnell
1316 2139 1456 2203 und
1495 2139 1809 2219 ernsthaft
1868 2139 1941 2202 in
1995 2139 2097 2204 die
2145 2139 2350 2204 Hand
2399 2161 2759 2222 yenommen
2817 2139 3066 2205 werden
3111 2144 3333 2204 miisse.
3359 2151 3425 2204 15

669 2247 775 2312 Im
820 2247 1081 2329 iibriyen
1127 2246 1423 2311 bemerkte
1465 2245 1873 2323 Fet-dinam,
1930 2248 2064 2329 dast
2122 2268 2190 2311 er
2235 2247 2373 2311 hier
2430 2247 2723 2330 lediylieh
2767 2248 2858 2311 im
2904 2246 3188 2329 Austray
3233 2247 3338 2311 des

671 2354 951 2419 Kaisers
993 2353 1283 2436 funyiere
1299 2405 1316 2431 ,
1373 2354 1483 2418 der
1526 2353 1749 2436 jedoeh
1807 2354 2016 2417 niehts
2059 2356 2266 2419 seiner
2325 2355 2738 2437 Unwilrdiyes
2784 2355 2941 2418 than
2985 2355 3204 2432 werde,
3252 2391 3337 2402 —

671 2461 1045 2543 adet-clinga,
1106 2462 1224 2526 wie
1282 2482 1352 2525 er
1409 2460 1696 2526 zweimal
1753 2460 2202 2526 ausdriicklieh
2260 2462 2669 2540 leinzusetzte,
2734 2460 3079 2527 secundum
3140 2459 3335 2548 quali-

672 2575 865 2633 tatem
912 2568 1242 2654 temporis!

850 2674 1245 2757 Miynanello
1298 2674 1670 2755 replizien'e,
1730 2675 1863 2757 dast
1907 2676 2019 2740 der
2075 2676 2281 2758 Papst
2338 2677 2455 2740 das
2499 2675 2767 2754 Konzil,
2829 2675 3083 2741 welches
3137 2697 3208 2740 er
3264 2676 3338 2739 in
3358 2686 3427 2738 20

674 2781 1110 2848 Deutschland
1152 2786 1492 2866 anyesetzt,
1551 2782 1863 2865 ernsthafi
1918 2783 2176 2849 betreibe
2231 2784 2373 2849 und
2427 2806 2490 2849 es
2551 2783 2715 2849 auch
2770 2783 2986 2865 semer
3031 2782 3339 2865 ernsthafi

674 2891 982 2955 betreiben
1028 2890 1259 2968 werde,
1322 2910 1503 2954 werm
1549 2890 1661 2954 der
1706 2890 1925 2972 Ko'm'y
1973 2892 2092 2956 das
2141 2892 2499 2957 Hindernis
2558 2892 2866 2974 beseitiye,
2923 2890 3178 2956 wekhes
3222 2910 3338 2955 von

675 2998 902 3063 diesem
934 2997 1268 3079 Reiehstay
1314 2996 1626 3079 ausyehen
1671 2996 1889 3062 kenne.
1983 2998 2220 3063 Bisher
2264 3000 2358 3063 sei
2406 2999 2583 3063 indes
2627 2999 2823 3062 weder
2867 3018 2990 3064 aus
3029 2997 3337 3063 Dent-sch-

677 3104 831 3169 land
883 3104 1040 3169 noch
1101 3126 1223 3169 aus
1281 3104 1563 3169 anderen
1610 3105 1917 3170 Laudem
1947 3107 2000 3190 ¹)
2058 3107 2162 3170 ein
2220 3107 2498 3188 einziyer
2544 3105 2778 3170 Pralat
2835 3106 2908 3170 in
2957 3106 3184 3171 Trient
3242 3127 3337 3169 er-

674 3211 985 3290 schienen,
1031 3212 1331 3276 wdhrend
1375 3214 1479 3277 die
1523 3212 1853 3277 deutschen
1898 3212 2327 3278 Verhdltnisse
2372 3235 2437 3277 es
2480 3213 2631 3278 doch
2677 3212 3082 3293 erforderlich
3128 3211 3338 3277 maeh—
3359 3222 3429 3276 25

676 3323 792 3396 ten,
840 3320 971 3402 defi
1014 3319 1136 3384 alle
1181 3320 1510 3401 Bischiife,
1556 3319 1695 3383 und
1735 3340 1910 3384 zwar
1955 3320 2028 3383 in·
2072 3318 2339 3397 Perscm,
2384 3319 2560 3384 nieht
2605 3319 2804 3383 durch
2853 3318 3340 3395 Prokuratoren,

677 3428 799 3492 den
843 3427 1374 3510 Vffhandlunyen
1420 3426 1817 3492 bee‘wohnten.

856 3534 1217 3599 Domandai
1265 3557 1305 3598 a
1336 3534 1467 3599 Sua
1498 3533 1743 3598 Maesta
1787 3532 1932 3620 quel
1981 3532 2095 3598 che
2141 3533 2230 3598 fin
2263 3534 2369 3622 qui
2413 3534 2573 3598 s'era
2617 3534 2773 3598 fatto
2821 3534 2887 3597 in
2931 3531 3131 3616 dieta3
3179 3531 3343 3596 disse

680 3641 796 3707 che
850 3641 912 3706 18
973 3642 1220 3707 Maesta
1265 3641 1537 3707 Cesarea
1595 3640 1843 3705 haveva
1901 3640 2203 3706 mandato
2259 3639 2320 3706 la
2366 3663 2482 3706 sua
2539 3641 2992 3728 propositione,
3054 3639 3115 3704 la
3175 3638 3343 3726 qual,

680 3756 913 3836 quanto
960 3749 1020 3815 al
1052 3772 1210 3837 capo
1258 3748 1423 3814 della
1469 3747 1787 3835 religione,
1835 3756 2186 3814 conteneva
2230 3747 2347 3813 che
2392 3747 2655 3814 essendo
2696 3748 2977 3812 mandati
3025 3746 3066 3811 li
3098 3747 3214 3812 R¹¹¹¹
3259 3744 3434 3811 18-30

678 3859 812 3943 gati
856 3880 896 3921 a
943 3858 1210 3941 Trent0,
1267 3880 1504 3944 pareva
1550 3881 1588 3921 a
1635 3857 1766 3924 Sua
1811 3857 2057 3921 Maesta
2102 3855 2377 3922 Cesarea
2423 3854 2538 3920 che
2586 3862 2747 3919 tutto
2793 3856 2845 3919 si
2886 3855 3239 3918 rimettesse
3283 3851 3342 3916 al

680 3965 964 4047 concili0,
1012 3972 1075 4030 et
1120 3965 1236 4031 che
1281 3989 1408 4030 non
1455 3963 1920 4047 celebrandosi,
1970 3963 2086 4029 che
2131 3963 2351 4028 alhora
2396 3964 2448 4026 si
2494 3963 2702 4048 potria
2746 3961 3061 4048 proveder
3104 3962 3171 4025 in
3217 3981 3346 4024 una

680 4072 851 4138 dieta
897 4072 1167 4139 secondo
1213 4072 1256 4138 li
1304 4074 1529 4139 recessi
1576 4075 1828 4160 passati.
1876 4079 1940 4136 et
1986 4069 2100 4136 che
2147 4070 2304 4136 hora
2348 4071 2400 4134 si
2441 4067 2832 4156 consigliava
2864 4092 3053 4156 sopra
3097 4066 3160 4133 la
3204 4091 3345 4155 pro-

680 4182 989 4268 positione
1036 4181 1301 4262 sudetta,
1348 4180 1411 4244 la
1456 4181 1606 4268 qual
1653 4203 1763 4245 era
1806 4179 2067 4266 publica
2099 4186 2162 4244 et
2193 4178 2253 4243 la
2283 4179 2485 4265 potrei
2519 4176 2876 4242 sacilmente
2922 4176 3133 4243 veder.
3193 4198 3343 4240 non·

681 4287 935 4354 dimeno
983 4287 1097 4353 che
1143 4286 1565 4374 l’imperatore
1611 4309 1798 4352 senza
1841 4309 2068 4351 manco
2116 4288 2282 4351 saria
2328 4309 2456 4374 qua
2501 4293 2712 4371 presto
2759 4293 2823 4349 et
2868 4282 2984 4349 che
3030 4283 3249 4348 alhora
3293 4283 3436 4347 si35

684 4396 883 4461 vedra
924 4397 1037 4482 piu
1083 4395 1355 4459 innanzi.

861 4502 1073 4567 Finito
1121 4507 1339 4588 questo
1385 4501 1903 4586 raggionamento
1951 4499 2015 4563 la
2057 4499 2305 4566 Maesta
2350 4500 2482 4566 Sua
2527 4501 2614 4563 mi
2661 4498 2979 4564 domando
3018 4521 3084 4562 se
3131 4499 3190 4562 io
3238 4496 3344 4560 ha·

686 4632 850 4675 veva
905 4608 1065 4673 altro
1125 4606 1241 4672 che
1299 4630 1614 4694 proporre.
1706 4614 1768 4670 et
1812 4606 2082 4671 dicendo
2142 4608 2204 4671 io
2264 4630 2388 4672 non
2450 4607 2649 4672 haver
2708 4606 2870 4672 altro
2918 4629 3032 4692 per
3078 4604 3233 4670 hora
3278 4603 3343 4668 di

835 4843 870 4912 ¹)
912 4840 1171 4895 Ne'e'mlich
1207 4835 1388 4909 auster
1426 4839 1647 4892 Italion.
