3859 5575
1438 433 1537 500 No.
1577 437 1673 500 78:
1716 441 1853 500 1545
1889 441 2123 499 oktober
2158 431 2245 499 29.
3063 429 3172 500 375

683 639 765 709 Se
792 645 846 730 ⁸)
891 642 1058 707 intro
1105 642 1276 729 dipoi
1323 640 1421 706 sul
1466 643 1622 707 fatto
1668 640 1834 706 della
1879 640 2154 728 impresa
2199 646 2261 705 et
2306 640 2365 704 ci
2410 638 2657 705 affirmo
2711 638 2953 704 infinite
2999 639 3167 704 volte
3255 642 3396 693 1545

504 751 621 816 che
667 750 797 816 Sua
843 749 1086 815 Maesta
1131 750 1188 814 ci
1235 755 1418 813 stava
1461 756 1638 814 tanto
1683 747 1831 813 fissa
1876 746 1992 813 che
2051 770 2162 813 era
2205 769 2354 813 cosa
2406 746 2680 833 grande,
2743 752 2807 811 et
2864 745 2980 811 che
3039 747 3168 811 mai
3208 711 3329 766 ΟΜ·
3359 712 3432 766 29

505 880 777 945 passava
819 857 1042 942 giorno
1089 855 1204 920 che
1251 878 1376 920 non
1423 856 1475 921 si
1504 856 1784 942 parlasse
1827 857 1894 920 in
1946 854 2099 938 ella3
2146 877 2252 919 ma
2283 852 2399 919 che
2444 877 2555 941 per
2586 876 2753 919 esser
2798 876 2946 919 cosa
2991 861 3169 919 tanto

507 964 710 1031 celata
754 986 865 1029 era
910 963 1261 1029 necessario
1308 962 1649 1049 procedere
1696 984 1815 1027 con
1861 961 2060 1029 molta
2106 961 2353 1027 cautela
2398 974 2463 1028 et
2508 969 2883 1045 secretana,
2940 960 3171 1048 perche

452 1087 487 1138 5
506 1081 755 1138 temeva
800 1070 916 1136 che
962 1072 1166 1159 questi
1210 1068 1440 1135 ribaldi
1489 1092 1613 1135 non
1645 1092 2012 1157 pensassero
2043 1068 2310 1156 qualche
2356 1092 2503 1135 cosa
2534 1079 2598 1135 et
2629 1091 2754 1134 non
2786 1066 2829 1132 li
2860 1070 3171 1134 facessero

507 1203 593 1244 un
639 1176 925 1245 tresvale.
1017 1186 1080 1244 et
1110 1179 1170 1241 ci
1199 1178 1382 1263 giuro
1431 1176 1548 1242 che
1578 1200 1706 1243 una
1737 1176 1899 1243 delle
1928 1176 2244 1264 principal
2274 1199 2463 1243 cause
2502 1176 2734 1264 perche
2767 1176 2896 1242 Sua
2927 1176 3174 1241 Maesta

506 1285 565 1351 lo
625 1285 886 1351 havesse
948 1291 1121 1350 tanto
1169 1283 1512 1350 sollecitato
1558 1284 1621 1349 al
1680 1286 1862 1349 venir
1906 1285 1973 1348 in
2033 1293 2236 1366 corte,
2298 1307 2407 1349 era
2463 1307 2578 1371 per
2637 1283 2833 1349 haver
2892 1306 3009 1348 con
3072 1281 3172 1348 chi

504 1401 686 1480 poter
728 1393 1024 1479 ragionar
1069 1391 1132 1456 di
1179 1399 1401 1478 questa
1446 1393 1737 1479 impresa,
1785 1414 1912 1456 non
1959 1393 2010 1456 si
2055 1391 2315 1457 fidando
2361 1391 2427 1456 di
2474 1390 2770 1477 parlarne
2829 1414 2948 1457 con
2993 1390 3173 1473 altri3

424 1495 431 1501 ’
506 1509 569 1566 et
613 1501 670 1565 ci
718 1500 881 1565 disse
929 1498 1044 1563 che
1089 1505 1250 1564 tutte
1295 1498 1352 1564 le
1400 1498 1617 1565 lettere
1663 1498 1778 1565 che
1822 1521 1979 1582 6630,
2025 1506 2269 1564 mentre
2329 1521 2439 1564 era
2484 1507 2645 1565 stato
2702 1501 2766 1564 in
2817 1498 3173 1585 Borgogna,

423 1623 489 1676 10
509 1606 754 1674 haveva
800 1608 1014 1673 scritto
1061 1607 1127 1672 di
1173 1630 1289 1671 sua
1350 1629 1538 1672 mano
1600 1630 1639 1671 a
1699 1606 1831 1672 Sua
1876 1606 2156 1690 Maesta,
2203 1606 2244 1671 li
2305 1606 2491 1670 furno
2550 1607 2855 1672 restituite
2913 1606 2999 1671 da
3044 1606 3177 1671 Sua

507 1715 758 1779 Maesta
803 1715 1080 1801 propria,
1128 1713 1189 1778 la
1233 1712 1420 1802 quale
1468 1737 1595 1779 non
1643 1716 1692 1779 si
1740 1713 1957 1779 fidava
2003 1714 2068 1779 di
2115 1713 2289 1779 darle
2338 1714 2418 1778 ne
2478 1736 2519 1778 a
2563 1713 2902 1802 Idiacquez
2963 1714 3043 1777 ne
3089 1712 3174 1777 ad

508 1820 695 1887 alcun
741 1820 920 1886 altro.

685 1928 888 2015 Sopra
949 1935 1168 2015 questo
1226 1951 1354 1993 non
1412 1929 1814 1993 mancammo
1875 1928 1936 1994 al
1997 1927 2209 1994 debito
2270 1936 2483 1996 nostro
2545 1929 2610 1994 in
2671 1926 3051 1994 dimostrarli
3112 1926 3176 1991 la

508 2034 772 2101 volunta
828 2042 891 2100 et
949 2033 1258 2100 desiderio
1317 2035 1560 2121 grande
1619 2036 1684 2100 di
1731 2035 1864 2101 Sua
1907 2035 2343 2120 Beatitudine,
2403 2058 2525 2101 con
2586 2042 2746 2101 tutto
2802 2034 3012 2123 quello
3058 2032 3175 2100 che

421 2157 488 2210 15
508 2145 696 2208 etiam
744 2142 821 2207 V.
868 2142 931 2208 S.
977 2144 1107 2208 ΒΜ
1154 2143 1209 2207 ci
1260 2142 1574 2207 comanda
1620 2144 1752 2207 cosi
1782 2166 1895 2231 per
1940 2142 1999 2208 le
2038 2141 2256 2209 lettere
2302 2151 2518 2231 aperte
2562 2165 2742 2208 come
2797 2165 2911 2229 per
2968 2141 3012 2206 il
3065 2164 3176 2228 po·

508 2253 724 2316 scritta
770 2252 833 2314 in
882 2250 1073 2333 cifra3
1119 2272 1226 2314 ma
1270 2248 1313 2314 li
1372 2249 1794 2315 ricordammo
1850 2249 1967 2315 che
2013 2249 2288 2316 l’unione
2346 2273 2467 2315 con
2513 2250 2823 2333 Francia,
2885 2250 2946 2314 la
2991 2248 3176 2337 quale

509 2366 691 2423 stava
736 2359 801 2422 in
835 2379 1023 2423 mano
1055 2358 1118 2422 di
1152 2357 1283 2423 Sua
1316 2356 1559 2422 Maesta
1589 2356 1881 2442 Cesarea,
1927 2380 2039 2422 era
2084 2357 2294 2445 quella
2339 2357 2455 2422 che
2500 2365 2734 2445 poteva
2778 2359 2878 2422 far
2921 2357 3177 2422 credere

508 2475 572 2530 et
615 2487 742 2529 non
791 2465 1049 2530 credere
1096 2487 1136 2529 a
1167 2464 1298 2530 Sua
1328 2464 1578 2530 Santi&
1623 2463 1738 2529 che
1783 2464 1844 2529 lo
1876 2464 2085 2529 effetto
2131 2464 2197 2529 di
2230 2471 2454 2552 questa
2498 2466 2773 2551 impresa
2819 2466 2870 2529 si
2915 2463 3178 2530 havesse

508 2571 593 2636 da
639 2572 889 2655 vedere,
936 2579 998 2636 et
1043 2572 1176 2637 cosi
1220 2571 1285 2636 la
1329 2573 1577 2658 triegua
1622 2570 1719 2637 col
1766 2571 2017 2656 Turco;
2061 2593 2170 2636 ma
2213 2580 2434 2660 questo
2481 2579 2663 2637 sta‘va
2709 2572 2840 2637 cosi
2885 2571 2951 2636 in
2997 2577 3178 2658 poter

420 2679 574 2747 sodi
623 2678 755 2744 Sua
800 2678 1044 2744 Maesta
1089 2701 1267 2744 come
1313 2678 1536 2766 quella.

687 2785 762 2852 Gi
809 2787 1048 2873 rispose
1095 2786 1212 2852 che
1258 2809 1297 2851 a
1342 2794 1503 2853 tutto
1550 2789 1598 2853 si
1645 2810 1928 2874 pensava
1974 2787 2040 2852 di
2087 2789 2419 2871 continue,
2479 2796 2543 2852 et
2599 2785 2714 2852 che
2769 2791 3006 2873 quanto
3052 2783 3179 2851 alla

509 2895 848 2959 concordia
893 2917 1012 2959 con
1045 2894 1320 2973 Francia
1350 2895 1480 2961 Sua
1510 2895 1757 2960 Maesta
1788 2895 2064 2962 Cesarea
2111 2897 2166 2959 ci
2216 2903 2396 2960 stava
2441 2893 2565 2960 ben
2612 2894 2913 2981 disposta,
2960 2899 3022 2958 et
3062 2891 3179 2958 che

510 2999 555 3065 il
600 3023 670 3065 re
728 3001 787 3065 lo
834 3023 1100 3087 sapeva,
1147 3010 1210 3067 et
1255 3000 1372 3067 che
1417 2993 1779 3068 mandando
1839 3004 1946 3090 qui
2008 3001 2436 3089 l'almiraglio,
2494 3024 2671 3067 come
2731 3000 3003 3066 credeva
3063 2998 3179 3065 che

511 3106 771 3173 sarebbe
818 3107 900 3172 ad
947 3110 1094 3194 ogni
1143 3109 1333 3174 modo
1380 3108 1535 3174 hora
1582 3109 1697 3174 che
1743 3111 1787 3175 li
1832 3109 2270 3197 impedimenti
2316 3108 2477 3175 della
2524 3131 2756 3195 guerra
2802 3109 3176 3191 cessariam,

422 3218 563 3283 25si
610 3216 868 3280 vederia
913 3216 1029 3281 che
1075 3216 1159 3281 da
1204 3216 1335 3282 Sua
1379 3216 1627 3282 Maesta
1670 3240 1799 3283 non
1843 3218 1896 3283 si
1944 3216 2369 3284 mancarebbe
2424 3216 2491 3281 di
2537 3218 2685 3302 ogni
2731 3215 2904 3281 buon
2950 3215 3179 3281 effetto.

512 3332 575 3388 et
620 3322 1045 3409 stringendolo
1078 3324 1215 3410 poi,
1263 3323 1378 3389 che
1408 3347 1536 3390 non
1583 3326 1634 3389 si
1667 3325 1950 3390 tardasse
1996 3332 2171 3391 tanto
2218 3334 2280 3391 et
2326 3324 2441 3390 che
2488 3324 2616 3390 Sua
2650 3323 2895 3388 Maesta
2939 3323 2988 3387 si
3034 3346 3180 3388 con·

510 3438 784 3496 tentasse
815 3429 931 3495 che
962 3431 1093 3496 Sua
1123 3430 1371 3498 Santita
1418 3430 1536 3497 co’l
1567 3454 1744 3498 mezo
1790 3432 1856 3497 di
1887 3434 1993 3497 noi
2023 3431 2169 3498 altri
2214 3432 2504 3497 servitori
2536 3431 2673 3495 suoi
2704 3437 2984 3496 entrasse
3016 3429 3180 3496 nella

512 3539 756 3625 pratica
801 3546 863 3603 et
921 3536 980 3603 la
1013 3536 1407 3622 sollecitasse‚
1442 3540 1499 3602 ci
1532 3540 1773 3625 rispose
1805 3537 1921 3604 che
1952 3562 2080 3605 non
2112 3562 2223 3604 era
2275 3562 2314 3605 a
2343 3539 2663 3626 proposito
2697 3560 2815 3602 con
2861 3537 2924 3603 la
2953 3545 3186 3603 natura

512 3645 614 3710 del
648 3645 983 3728 Francese,
1014 3644 1249 3732 perche
1282 3667 1461 3710 come
1491 3646 1750 3711 vedesse
1782 3654 2022 3734 questo,
2054 3644 2442 3712 credarebbe
2473 3644 2588 3711 che
2619 3643 2678 3709 lo
2708 3646 3085 3732 imperatore
3115 3668 3182 3710 se

423 3766 494 3820 30
513 3776 594 3818 ne
649 3775 922 3818 moresse
967 3751 1033 3821 di
1079 3752 1320 3838 voglia,
1368 3760 1431 3818 et
1475 3752 1869 3841 pensarebbe
1914 3754 2032 3819 che
2076 3761 2239 3820 tutto
2286 3754 2495 3842 quello
2542 3752 2656 3819 che
2696 3753 3025 3818 facessimo
3056 3754 3180 3836 noi,

514 3869 717 3926 stante
762 3859 825 3924 la
870 3858 1084 3925 buona
1125 3859 1539 3947 intelligentia
1582 3861 1697 3927 che
1744 3863 1779 3925 ὲ·
1819 3861 1978 3927 hora
2022 3862 2179 3947 (Dio
2225 3860 2458 3950 gratia)
2505 3868 2604 3926 tra
2647 3861 2779 3927 Sua
2824 3860 3072 3925 Santita
3119 3865 3183 3924 et

514 3967 647 4032 Sua
678 3969 938 4051 Maesta,
980 3967 1147 4033 fusse
1192 3968 1350 4033 fatto
1395 3991 1511 4055 per
1540 3969 1760 4034 ordine
1806 3968 1974 4035 della
2004 3968 2249 4034 Maesta
2280 3969 2430 4052 Sua,
2477 3977 2540 4034 et
2585 3969 2746 4033 faria
2790 3967 3000 4032 effetto
3036 3988 3182 4031 con—

515 4077 724 4140 trario.
816 4083 880 4140 et
911 4098 1026 4162 per
1073 4084 1310 4162 quanto
1357 4076 1410 4140 si
1455 4075 1789 4163 replicasse
1835 4075 1953 4141 che
2000 4075 2060 4141 la
2105 4074 2346 4162 qualita
2390 4074 2494 4140 del
2537 4077 2799 4161 negocio
2839 4097 2954 4161 per
2984 4074 3044 4138 lo
3088 4075 3183 4138 in-

514 4189 744 4247 teresse
775 4181 941 4247 della
970 4183 1246 4269 impresa
1291 4185 1618 4249 ricercava
1663 4182 1779 4248 che
1825 4184 1876 4248 si
1921 4204 2373 4269 posponessero
2421 4184 2623 4269 questi
2666 4180 2955 4269 puntigli,
3002 4188 3184 4246 stette

425 4302 497 4355 35
516 4311 760 4376 sempre
808 4288 903 4354 sul
937 4289 1298 4371 medesimo,
1330 4289 1603 4356 dicendo
1636 4291 1753 4356 che
1797 4287 2193 4376 l’almiraglio
2225 4289 2534 4355 verrebbe
2579 4296 2642 4355 et
2688 4288 2802 4354 che
2847 4287 3115 4354 sarebbe
3145 4310 3185 4352 a

516 4405 746 4483 temp0,
779 4404 841 4461 et
873 4396 989 4462 che
1019 4396 1140 4462 alle
1172 4399 1487 4463 occasioni
1519 4421 1645 4463 non
1678 4400 1737 4463 ci
1768 4395 2195 4463 mancarebbe
2225 4396 2341 4463 che
2371 4398 2470 4463 far
2499 4399 2687 4463 etiam
2722 4419 2836 4484 per
2866 4396 2999 4462 Sua
3028 4395 3184 4461 San—

516 4506 659 4587 tita3
712 4512 774 4569 et
820 4503 1181 4570 facilmente
1226 4505 1391 4570 disse
1439 4502 1555 4569 che
1595 4527 1661 4569 se
1712 4504 1773 4569 lo
1819 4506 2200 4591 imperatore
2258 4527 2385 4568 non
2445 4505 2498 4568 si
2551 4525 2854 4587 moveva,
2907 4501 2952 4566 il
3003 4525 3073 4567 re
3118 4501 3187 4566 di

656 4668 700 4715 ι)
730 4666 803 4706 Dte
830 4666 1030 4706 „achaten
1057 4666 1147 4706 ἄνοι’
1175 4665 1343 4706 Absaeitze
1371 4664 1587 4718 chiffl-nien.

516 4757 573 4812 S.
612 4761 682 4811 95
696 4756 735 4823 fi
786 4772 873 4810 nr.
909 4759 991 4810 21.
1065 4754 1212 4825 (Vyl.
1251 4756 1398 4810 auch
1446 4756 1692 4811 daselbst
1739 4754 1785 4810 S
1832 4755 1954 4822 961'.
2008 4771 2094 4811 nr.
2131 4758 2208 4811 22
2255 4755 2346 4809 ein
2383 4753 2989 4809 Partikularschreiben
3028 4750 3186 4806 Dan-

427 4846 498 4902 40
518 4847 679 4900 (linos
717 4864 794 4900 an
831 4844 936 4899 den
974 4843 1266 4899 Kar-dinae
1303 4843 1566 4917 Ger-vini.)
