3859 5575
425 656 563 708 1545

382 726 522 781 Mrz.
544 730 614 780 12

634 455 723 516 >82
1644 459 1742 513 No.
1780 460 1842 513 5:
1886 460 2022 515 1545
2062 460 2204 513 Marz
2247 462 2327 514 12.

652 655 790 732 ilm,
851 654 1007 735 falls
1063 655 1197 736 auf
1242 657 1381 721 dem
1424 655 1744 721 Wormser
1801 655 2142 737 Reiehstaq
2197 657 2299 719 die
2352 654 2866 738 Reliyimwsache
2921 657 3316 740 voryebracht

650 760 853 826 werde
870 813 884 839 ,
941 783 1024 827 eu
1080 782 1302 844 εον-99η
1316 812 1333 842 ,
1394 762 1532 844 dast
1586 784 1737 826 man
1796 763 1987 827 deren
2045 762 2494 845 Verhandluny
2553 765 2690 828 dem
2751 783 2878 828 neu
2935 769 3314 846 anyesaqten

648 866 894 933 Konsil
934 889 1018 934 zu
1065 869 1293 934 Trient
1334 869 1777 935 onheimstelle.
1870 871 2035 935 1545
2079 869 2278 935 Mdrz
2323 874 2408 936 12
2454 869 2617 935 Rom
2646 872 2714 957 ¹).

795 1010 915 1065 Aua
963 1011 1147 1079 Wien,
1199 1012 1564 1067 H.H.St.A.
1604 1012 1877 1082 Romana,
1928 1011 2492 1083 Hofkorrespondenz
2543 1013 2679 1069 fasc.
2717 1014 2752 1067 3
2805 1013 2956 1083 Θήῃ.
3004 1013 3118 1080 auf
3159 1014 3314 1084 Perq.

794 1101 959 1155 Auch
993 1100 1160 1170 Rom,
1209 1102 1378 1156 Arch.
1428 1101 1548 1155 Vat.
1589 1099 1743 1155 Arm.
1781 1102 1845 1156 41
1898 1102 1986 1156 vol
2022 1102 2094 1156 32
2145 1120 2225 1157 nr.
2265 1103 2369 1157 155
2415 1102 2678 1171 Minuta3
2724 1102 2826 1158 mit
2874 1103 3124 1158 Vermerk
3173 1104 3318 1159 lecta
3369 1102 3404 1156 5

866 1188 1047 1245 Sam-⁰
1087 1190 1322 1246 Domino
1359 1191 1563 1246 Nostro
1599 1191 1668 1247 de
1704 1191 1964 1246 mandato
2001 1190 2111 1245 le
2153 1192 2516 1262 Ardinghelli.

794 1279 1076 1336 Gedruekt
1110 1280 1403 1353 Raynazdi
1438 1282 1686 1337 Annales
1722 1282 2074 1337 ecclesiastici
2114 1284 2253 1335 1545
2289 1281 2329 1351 5
2363 1285 2434 1335 17
2470 1298 2574 1337 aus
2610 1282 2750 1336 Rom
2786 1299 2838 1336 a.
2876 1300 2930 1336 a.
2972 1282 3030 1336 Ο.

830 1404 993 1471 Cum
1041 1405 1389 1471 venerabili
1437 1408 1633 1473 fratre
1680 1406 2073 1492 Hieronymo
2113 1405 2371 1471 Verallo
2417 1406 2889 1493 archiepiscopo
2920 1407 3316 1491 Rossanensi,

652 1534 777 1598 quo
824 1513 1047 1577 nuntio
1094 1513 1268 1599 apud
1299 1513 1709 1579 serenitatem
1744 1513 1951 1578 Tuam
1988 1511 2342 1596 utebamur,
2391 1514 2470 1578 ad
2514 1513 2910 1600 Majestatem
2941 1512 3117 1579 Seru*
3160 1513 3316 1580 Cae·

652 1619 809 1683 saris
854 1619 1070 1684 fratris
1114 1621 1207 1684 tui
1254 1642 1368 1706 per
1412 1641 1528 1685 nos
1573 1620 1904 1703 destinato,
1952 1642 2123 1686 nunc
2153 1620 2323 1708 apud
2367 1628 2429 1685 te
2472 1623 2692 1686 nuntio
2725 1630 2937 1686 nostro
2969 1643 3317 1705 careamus,
3342 1630 3406 1683 10

650 1748 765 1791 nos
810 1748 925 1812 pro
986 1724 1454 1810 benevolentia,
1511 1751 1702 1815 quam
1750 1728 2134 1815 singularem
2181 1749 2261 1791 ac
2306 1734 2633 1814 paternam
2694 1751 2847 1814 erga
2905 1727 3316 1793 Serenitatem

652 1833 858 1898 Tuam
908 1835 1131 1899 merito
1176 1836 1485 1921 gerimus,
1532 1836 1822 1900 nuntium
1870 1834 2043 1921 apud
2091 1842 2151 1899 te
2198 1836 2565 1899 continuum
2614 1837 2831 1922 (prout
2877 1856 3124 1921 semper
3168 1857 3315 1900 con-

652 1941 1002 2027 suevimus)
1049 1939 1285 2007 habere
1329 1941 1628 2025 volentes,
1676 1943 1784 2030 qui
1831 1949 2049 2007 nostra
2094 1950 2158 2007 et
2188 1940 2568 2029 apostolicae
2609 1941 2776 2006 sedis
2805 1943 3060 2028 negotia
3079 1943 3318 2029 jugiter

652 2070 795 2113 cum
845 2047 989 2113 Tua
1035 2049 1368 2136 Majestate
1414 2056 1638 2114 tractet
1682 2059 1745 2114 et
1790 2057 2176 2136 exequatur,
2234 2048 2538 2135 elegimus
2586 2047 3012 2113 venerabilem
3058 2049 3313 2114 fratrem

652 2152 929 2219 Fabium
971 2155 1424 2241 Mignanellum
1461 2158 1827 2242 episcopum
1860 2155 2248 2220 Lucerinum
2296 2155 2646 2242 praelatum
2695 2164 2976 2220 nostrum
3025 2155 3314 2220 domesti-
3342 2163 3406 2218 15

652 2284 830 2344 cum,
876 2260 1138 2327 latorem
1187 2264 1648 2349 praesentium,
1711 2264 1919 2327 virum
1970 2261 2275 2349 singulari
2334 2262 2627 2328 doctrina
2672 2261 3009 2349 prudentia
3053 2269 3116 2327 et
3159 2263 3314 2327 inte-

649 2370 877 2456 gritate
924 2368 1301 2456 praeditum,
1348 2371 1531 2457 cujus
1577 2393 1770 2456 opera
1816 2371 1881 2434 in
1930 2368 2070 2434 aliis
2115 2368 2567 2456 legationibus,
2616 2371 2806 2435 etiam
2854 2369 3024 2455 apud
3073 2370 3312 2436 Sereni·

650 2484 844 2542 tatem
894 2477 1103 2542 Tuam
1133 2479 1208 2565 ⁸),
1254 2484 1318 2542 et
1362 2476 1580 2542 multis
1623 2477 1844 2542 arduis
1889 2475 2081 2543 rebus
2126 2479 2224 2542 usi
2271 2500 2518 2542 sumus:
2567 2500 2708 2544 eum
2755 2479 2969 2565 itaque
3015 2499 3159 2542 cum
3192 2477 3314 2542 Dei

651 2586 905 2650 nomine
936 2584 1021 2649 ad
1052 2585 1465 2651 Serenitatem
1491 2586 1698 2651 Tuam
1727 2587 2019 2651 nuntium
2045 2593 2327 2650 nostrum
2365 2593 2428 2651 et
2452 2585 2638 2671 hujus
2662 2594 2917 2650 sanctae
2941 2585 3104 2650 sedis
3128 2585 3313 2650 desti-

652 2698 878 2756 nantes
908 2691 990 2777 ¹),
1039 2692 1451 2758 Serenitatem
1500 2692 1706 2757 Tuam
1755 2691 2084 2757 hortamur
2138 2700 2203 2757 et
2247 2694 2625 2780 requirimus
2668 2693 2734 2757 in
2783 2692 3038 2757 domino
3085 2701 3155 2756 ut
3199 2714 3313 2778 pro
3333 2700 3403 2751 ‘20

792 2981 834 3022 a)
865 2975 997 3018 etim
1027 2999 1075 3007 -
1107 2978 1241 3019 Tuam
1270 2979 1324 3018 ist
1352 2980 1394 3019 ἐκ
1424 2978 1497 3018 der
1524 2979 1691 3019 Minuta
1718 2991 1787 3019 am
1816 2979 1964 3021 Raude
1991 2991 2064 3020 von
2094 2979 2266 3020 evaderet·
2295 2978 2422 3019 Hand
2448 2978 2726 3028 hincuyestiqi.

796 3067 836 3134 ¹)
883 3067 1052 3123 Unter
1087 3067 1207 3124 dem
1241 3069 1553 3124 ndmlichen
1590 3070 1805 3124 Datum
1842 3070 2018 3140 lieqen
2052 3069 2235 3135 semer
2260 3067 2515 3138 folyende
2541 3067 3186 3137 Beqlaubiyunysbreven
3213 3067 3313 3132 fiir

650 3158 1002 3228 Miynanello
1038 3175 1136 3213 vor
1173 3189 1240 3198 —
1279 3159 1445 3214 Arch.
1497 3160 1619 3213 Vat.
1660 3159 1811 3213 Arm.
1851 3161 1915 3213 41
1958 3158 2062 3213 vol.
2102 3159 2196 3223 32;
2248 3159 2352 3227 2⁸9²·
2401 3156 2737 3227 Raynaldus
2773 3157 2806 3210 Ζ.
2845 3157 2878 3210 l.
2916 3155 2954 3226 ,ξ
2993 3160 3091 3210 19.·
3138 3157 3198 3223 a)
3235 3175 3313 3210 an

651 3247 758 3301 den
794 3247 1000 3303 Kaisar
1033 3248 1141 3312 (nr.
1184 3251 1342 3317 154).·
1386 3266 1512 3303 cum
1563 3266 1692 3303 vero
1742 3256 2121 3319 reputaremus
2170 3247 2348 3301 Tuam
2402 3245 2750 3314 Majestatem
2800 3245 2884 3300 vel
2934 3246 2990 3299 in
3039 3252 3312 3300 conventu

652 3336 1041 3392 Wormatiensi
1093 3337 1179 3391 vel
1214 3337 1346 3392 alibi
1394 3355 1519 3393 cum
1567 3337 1737 3393 Ser¹¹¹⁰
1786 3345 1882 3392 tuo
1934 3336 2105 3391 fmtre
2153 3335 2317 3391 facile
2364 3336 2651 3390 convenire
2688 3352 2876 3405 posse,
2924 3334 3097 3389 eidem
3136 3334 3311 3389 Fabio
3329 3334 3400 3386 25

651 3425 910 3496 episcopo
946 3426 1141 3481 nuntio
1178 3426 1555 3482 mandavimus
1592 3434 1657 3482 ut
1684 3426 1965 3497 MaJestati
1994 3426 2150 3480 Tuae
2178 3425 2448 3496 quaedam
2476 3441 2542 3479 ex
2571 3431 2729 3495 parte
2757 3430 2943 3478 nostra
2969 3423 3213 3478 referret.
3246 3453 3309 3461 —

651 3513 708 3582 b)
745 3532 825 3568 an
863 3516 1163 3570 Granvella
1199 3516 1306 3581 (nr.
1347 3519 1507 3585 15:2³).-
1542 3516 1911 3586 intelligentes
1950 3514 2238 3570 Caesarem
2277 3513 2622 3585 aegritudine
2657 3513 2938 3568 detentum
2967 3513 3312 3583 praemisisse

649 3602 1008 3659 Nobilitatem
1036 3604 1215 3659 Tuam
1245 3605 1315 3658 ad
1344 3612 1671 3660 conventum
1693 3604 2170 3672 Wormatiensem‚
2198 3604 2473 3658 noluimus
2504 3604 2683 3674 ipsum
2708 3602 2942 3657 Fabium
2968 3603 3084 3656 siue
3111 3603 3312 3656 nostris

649 3693 722 3748 ad
742 3692 880 3748 Nob.
904 3693 1085 3747 Tuam
1114 3694 1287 3749 literis
1307 3693 1510 3762 venire,
1537 3701 1592 3749 te
1620 3693 1699 3748 fili
1728 3694 2013 3749 hortantes
2044 3735 2056 3748 .
2079 3735 2089 3747 .
2116 3735 2125 3747 .
2156 3701 2219 3748 ut
2247 3710 2469 3748 causam
2499 3693 2776 3763 religionis
2806 3734 2818 3746 .
2877 3734 2888 3746 .
2918 3692 3187 3763 suscipias
3206 3692 3312 3746 hoc

648 3789 896 3853 tempore
935 3782 1388 3852 commendatam,
1425 3790 1481 3838 et
1518 3783 1698 3855 siquid
1736 3784 1802 3837 de
1840 3799 1906 3838 ea
1943 3785 1999 3837 in
2036 3783 2156 3854 ipso
2206 3790 2477 3838 conventu
2517 3782 2906 3837 Wormatiensi
2956 3787 3312 3853 proponatur,
3330 3780 3401 3833 30

648 3872 723 3941 id,
762 3872 908 3927 sicut
945 3888 1047 3942 par
1080 3878 1182 3941 est,
1219 3872 1289 3925 ad
1318 3873 1625 3927 universale
1653 3873 1946 3928 concilium
1975 3873 2230 3928 Tridenti
2259 3873 2438 3927 denuo
2476 3872 2743 3926 indictum
2774 3913 2785 3924 .
2817 3912 2828 3924 .
2862 3913 2872 3924 .
2903 3871 3108 3925 remitti
3136 3887 3312 3936 cures,

649 3961 798 4016 sicut
833 3959 977 4015 idem
1015 3959 1224 4015 Fabius
1265 4003 1275 4014 .
1309 4002 1320 4015 .
1352 4003 1363 4015 .
1403 3962 1618 4032 plenius
1655 3962 1813 4017 Tuae
1849 3961 1993 4017 Nob.
2032 3961 2347 4032 explicabit.
2403 3992 2465 4001 -
2519 3963 2571 4029 c)
2619 3978 2698 4014 an
2733 3960 2841 4015 den
2875 3959 3169 4013 Kardinal
3205 3975 3313 4013 von

647 4048 849 4103 Maius
874 4053 983 4114 (nr.
1023 4052 1165 4117 150).
1219 4077 1282 4087 -
1335 4049 1398 4118 d)
1451 4050 1556 4105 den
1604 4068 1711 4106 von
1746 4052 2045 4120 Anysbury
2082 4052 2191 4116 (Μ’.
2229 4052 2368 4117 151).
2422 4080 2486 4089 -
2541 4052 2592 4118 e)
2641 4067 2718 4104 an
2753 4049 3020 4103 Kurtrier
3064 4047 3187 4101 und
3223 4047 3312 4101 die

648 4138 769 4192 ἄνεί
805 4138 1314 4204 Laienkurfilrsten
1351 4142 1460 4205 (nr.
1498 4142 1627 4207 152)
1664 4140 1763 4193 mit
1791 4140 2077 4193 dhnlicher
2105 4140 2419 4208 Mahntmy.
2451 4168 2517 4178 -
2554 4137 2608 4204 t)
2643 4138 2878 4208 principi
2908 4137 3072 4200 laico;
3113 4136 3312 4190 similia

646 4227 683 4280 4
719 4227 775 4280 in
812 4226 983 4292 albis;
1022 4228 1222 4283 similia
1258 4230 1294 4284 5
1330 4230 1604 4300 episeopis
1641 4229 1698 4283 in
1734 4229 1906 4298 albis;
1945 4229 2121 4283 simile
2157 4229 2284 4284 duci
2316 4228 2711 4300 Lotharingiae
2749 4227 2857 4293 (nr.
2887 4229 3046 4295 148).·
3082 4223 3399 4296 Iniqua-35

646 4317 788 4371 nollo
824 4317 903 4371 sei
938 4317 1276 4388 beauftraqt,
1316 4319 1393 4373 sie
1430 4318 1810 4384 aufzusuehen
1846 4319 1967 4373 und
2006 4317 2275 4389 quaedam
2315 4335 2378 4372 ex
2429 4324 2588 4388 parte
2626 4323 2814 4371 nostra
2848 4316 3201 4371 mitzuteilen.
3242 4346 3308 4355 —

645 4405 771 4461 Aue
796 4405 930 4460 sind
956 4406 1279 4477 kerriyierte
1306 4407 1589 4476 Minuta,
1617 4409 1771 4463 meist
1802 4408 1903 4463 mit
1934 4408 2052 4462 dem
2083 4407 2336 4463 Vermerk
2363 4406 2508 4462 lecta
2536 4404 2716 4460 Sanno
2747 4405 2983 4460 Domino
3010 4404 3215 4460 Nostro
3241 4404 3310 4458 dc

646 4495 910 4550 mandato
928 4495 1039 4549 Rmi
1068 4496 1432 4568 Ardinghelli.
1456 4527 1513 4535 —
1543 4495 1685 4566 Dast
1702 4498 2055 4567 Miqmmello
2085 4493 2386 4564 austeram
2413 4495 2553 4551 noch
2575 4495 2735 4549 einen
2752 4493 3205 4559 BriefFameses
3234 4511 3310 4548 an

649 4584 951 4639 Grannona
996 4586 1309 4653 mitbekam,
1357 4587 1616 4642 berichtct
1664 4603 1723 4641 er
1770 4586 1930 4642 solbat
1979 4588 2174 4653 (anem
2223 4602 2310 4640 m.
2361 4587 2436 4654 8).
2488 4614 2554 4623 —
2602 4583 2732 4637 Den
2776 4584 2921 4638 nach
2970 4583 3164 4637 Trient
3213 4583 3309 4636 ab·

643 4689 996 4743 yeyanqenm
1033 4674 1483 4745 Konzilsleyaten
1517 4676 1711 4731 Monte
1747 4674 1871 4730 und
1901 4675 2124 4730 Corvini
2152 4674 2361 4730 σοῖν-ἰοὺ
2389 4674 2633 4727 Fame-se
2657 4677 2825 4727 anter
2852 4672 2972 4726 dem
2997 4671 3310 4725 ncimlichen
3327 4667 3400 4722 40

649 4765 720 4815 12
748 4763 913 4818 Mdv-s
948 4763 1158 4828 (iudom
1193 4752 1253 4818 er
1278 4764 1544 4832 mitteilte,
1583 4760 1706 4834 dast
1736 4765 2088 4834 Miqnanello
2125 4764 2294 4817 ihm
2321 4763 2527 4818 Bullen
2553 4761 2676 4816 und
2705 4760 2914 4826 Ghiffer
2944 4760 3310 4829 tiberbrinyen

648 4852 885 4921 werck).-
920 4851 1034 4908 Sua
1070 4851 1289 4910 Santita
1329 4855 1406 4909 ha
1442 4854 1690 4926 espedito
1725 4854 1896 4926 hoggi
1935 4854 2250 4926 monsignor
2285 4852 2619 4925 Mignanello
2655 4868 2755 4923 per
2797 4868 2897 4907 suo
2931 4848 3124 4905 nuntio
3160 4849 3213 4903 al
3249 4866 3309 4904 re
