3859 5575
552 521 557 531 Ι
664 441 775 513 250
1663 448 1762 514 Nn.
1800 456 1898 514 50:
1938 453 2078 514 1545
2111 403 2219 512 Juli
2261 451 2344 513 19.

447 654 584 704 1545

410 723 534 777 Juli
563 727 630 776 19

667 652 784 718 che
829 653 900 719 fu
945 654 1109 718 assai
1155 654 1484 739 ragionato
1530 660 1593 719 et
1638 654 1918 722 discusso
1965 663 2211 721 mentre
2259 655 2375 723 che
2403 657 2462 721 io
2494 656 2583 720 fui
2617 655 2682 740 11,
2729 657 2864 720 6106
2905 657 2970 721 di
3017 656 3334 722 avvertire

668 759 774 825 alli
821 762 1040 826 motivi
1087 760 1202 826 6136
1248 762 1538 848 potriano
1584 761 1718 830 fare
1764 760 1807 826 li
1840 762 2240 846 Protestanti,
2288 764 2543 851 quando
2588 763 2920 828 vedessero
2949 763 3334 851 l'aperitione

668 875 729 932 et
773 890 1106 955 progresso
1154 867 1254 933 del
1301 867 1593 954 concili0,
1638 875 1701 934 et
1746 891 1821 933 su
1864 876 2084 957 questo
2130 869 2263 935 fece
2308 873 2608 936 instantia
2652 871 2717 936 di
2764 871 2888 937 due
2934 893 3108 936 cose:
3162 871 3336 936 l'una

635 975 783 1066 ‘che
829 977 881 1040 si
926 976 1272 1041 avvertisse
1318 999 1358 1040 a
1402 998 1529 1041 non
1577 981 1827 1042 toccare
1873 976 1973 1041 nel
2020 978 2332 1064 principio
2391 976 2558 1043 della
2616 977 3036 1044 celebratione
3096 1001 3161 1044 se
3207 1002 3332 1044 non

667 1105 855 1170 sopra
898 1081 941 1147 il
988 1083 1282 1169 generale
1328 1082 1489 1148 delle
1536 1105 1680 1149 cose
1727 1082 1893 1149 della
1939 1082 2367 1169 Christianita,
2414 1094 2477 1151 et
2522 1092 2782 1151 trattare
2829 1108 3018 1171 sopra
3046 1085 3111 1150 la
3139 1089 3332 1151 refor-
3388 1101 3423 1155 5

667 1192 940 1256 matione
1000 1196 1062 1255 et
1112 1192 1398 1256 maniera
1457 1189 1536 1255 de
1594 1192 1773 1256 viver
1830 1191 1993 1257 delle
2050 1215 2315 1279 persone
2363 1192 2810 1274 ecclesiastice,
2872 1200 2935 1258 et
2978 1193 3208 1258 lasciar
3251 1193 3336 1258 da

667 1305 848 1384 parte
892 1297 935 1362 il
981 1297 1230 1385 parlare
1276 1298 1356 1362 de
1401 1298 1616 1384 dogmi
1663 1320 1778 1384 per
1822 1321 1950 1364 non
1998 1299 2319 1386 disperare
2365 1307 2428 1365 et
2458 1301 2725 1365 eccitare
2773 1306 2949 1364 tanto
2983 1300 3092 1386 piu
3126 1300 3147 1364 i
3179 1298 3333 1365 detti

667 1405 1081 1489 Protestanti3
1128 1404 1333 1470 l'altra
1379 1404 1494 1470 che
1539 1428 1653 1493 per
1697 1413 1864 1472 stare
1906 1408 1970 1472 al
2001 1410 2208 1473 sicuro
2256 1406 2388 1473 Sua
2435 1407 2684 1472 Santita
2726 1430 3023 1494 pensasse
3069 1407 3334 1494 qualche

669 1513 856 1577 modo
918 1535 1036 1577 con
1092 1511 1209 1577 6136
1268 1514 1319 1577 si
1376 1512 1639 1578 havesse
1699 1513 1781 1578 da
1840 1514 2083 1579 aiutare
2129 1516 2151 1578 i
2198 1514 2539 1597 Catholici,
2596 1537 2742 1581 caso
2798 1514 2914 1579 che
2969 1515 3122 1580 detti
3182 1515 3332 1579 Pro-

667 1621 918 1684 testanti
966 1642 1092 1685 non
1140 1619 1430 1685 obstante
1476 1621 1624 1707 ogni
1671 1622 1929 1707 rispetto
1979 1621 2096 1687 che
2140 1645 2207 1687 se
2252 1622 2298 1686 li
2345 1623 2635 1706 bavesse,
2698 1645 2820 1709 pur
2878 1630 3221 1687 tentassero
3268 1623 3332 1687 di
3358 1638 3424 1690 10

669 1725 1040 1810 molestarli3
1109 1726 1498 1793 advertendo
1568 1729 1721 1814 pero
1783 1728 1899 1794 che
1957 1728 2090 1793 Sua
2146 1729 2394 1795 Maesta
2453 1752 2578 1795 non
2634 1730 2977 1795 intendeva
3037 1729 3152 1795 che
3221 1753 3333 1817 per

667 1842 886 1922 questo
933 1836 984 1899 si
1032 1834 1211 1900 desse
1256 1833 1624 1900 alteratione
1670 1858 1707 1900 0
1752 1836 2169 1902 diminutione
2225 1836 2347 1903 alle
2405 1838 2748 1924 provisioni
2810 1837 2963 1903 fatte
3018 1860 3134 1924 per
3176 1837 3330 1902 l’im-

667 1963 852 2028 presa
896 1940 1261 2028 principale.

846 2047 1039 2134 Dipoi
1086 2050 1222 2114 fece
1268 2049 1475 2115 officio
1521 2071 1640 2115 con
1686 2049 1820 2115 Sua
1851 2048 2117 2130 Santita,
2162 2049 2394 2138 perche
2438 2051 2501 2115 la
2549 2053 2600 2116 si
2630 2058 3020 2117 contentasse
3053 2050 3169 2116 che
3201 2049 3335 2116 Sua

668 2155 915 2220 Maesta
975 2163 1219 2242 potesse
1276 2180 1460 2222 usare
1516 2157 1665 2222 d'un
1726 2157 2037 2246 colloquio
2094 2165 2158 2223 et
2217 2158 2421 2224 indire
2475 2159 2744 2224 un'altra
2800 2160 2970 2224 dieta
3026 2181 3143 2245 per
3198 2158 3423 2227 rin-15

669 2285 864 2327 verno
912 2262 1028 2327 6136
1073 2265 1288 2346 viene,
1336 2287 1451 2350 per
1496 2264 1650 2330 dare
1696 2267 2166 2330 trattenimento
2213 2273 2277 2331 et
2319 2273 2582 2354 pastura
2626 2290 2667 2331 a
2711 2266 3093 2331 Protestanti
3111 2317 3127 2350 ,
3190 2289 3333 2352 pro-

667 2369 985 2436 mettendo
1045 2369 1652 2456 larghissimamente
1712 2372 1776 2436 di
1832 2395 1960 2438 non
2024 2373 2157 2438 fare
2214 2375 2293 2437 ne
2355 2374 2674 2439 consentir
2734 2374 2862 2438 mai
2918 2396 2957 2437 a
3012 2396 3161 2439 cosa
3218 2372 3334 2438 che

667 2485 910 2563 potesse
956 2501 1126 2543 esser
1170 2478 1620 2565 pregiudiciale
1666 2480 1786 2545 alle
1832 2503 1977 2545 cose
2037 2480 2201 2546 della
2258 2481 2558 2568 religione
2620 2489 2682 2546 et
2739 2479 2865 2547 alla
2922 2481 3224 2546 auttorita
3267 2480 3333 2545 di

669 2584 801 2649 Sua
849 2584 1250 2651 Beatitudine
1297 2594 1358 2651 et
1403 2586 1569 2652 della
1615 2588 1763 2652 sede
1808 2586 2182 2674 apostolica,
2242 2612 2359 2654 con
2420 2589 2612 2654 molte
2658 2589 2874 2675 parole
2921 2588 3124 2674 degne
3171 2587 3334 2652 della

667 2692 838 2777 pieta
898 2700 961 2756 et
1015 2692 1209 2758 bonta
1269 2692 1433 2759 della
1488 2693 1736 2759 Maesta
1791 2694 1958 2777 Sua,
2018 2695 2134 2760 che
2192 2695 2445 2761 diedero
2500 2696 2694 2760 molto
2754 2702 3047 2761 contento
3107 2720 3146 2762 a
3201 2695 3334 2761 Sua
3353 2709 3423 2762 20

670 2799 1087 2865 Beatitudine.
2022 2882 2025 2885 ,

848 2908 1034 2973 Disse
1081 2908 1252 2996 dipoi
1298 2917 1534 2997 quanto
1581 2910 1750 2975 fusse
1796 2911 2154 2997 espediente
2199 2918 2264 2976 et
2309 2911 2662 2977 necessario
2710 2918 2928 2976 trovar
2987 2912 3174 2977 modo
3222 2935 3336 2998 per

669 3016 1035 3080 assicurarsi
1083 3015 1223 3080 dell'
1273 3019 1681 3083 arcivescovo
1728 3018 1791 3083 di
1840 3017 2123 3102 Colonia,
2170 3018 2423 3106 perche,
2473 3018 2837 3084 trovandosi
2885 3017 2983 3085 nel
3031 3018 3170 3084 1060
3219 3019 3335 3083 6136

669 3122 720 3185 si
785 3128 966 3187 trova
1024 3131 1087 3188 et
1144 3124 1416 3189 tenendo
1474 3123 1536 3189 la
1597 3125 1763 3190 mala
1817 3133 1879 3190 et
1932 3127 2218 3192 desviata
2268 3128 2613 3191 intentione
2673 3125 2788 3191 che
2848 3129 3043 3209 tiene,
3104 3135 3335 3214 poteva

669 3251 839 3294 esser
869 3231 933 3294 di
965 3253 1124 3315 gran
1172 3230 1460 3298 disturbo
1492 3231 1598 3298 alli
1631 3233 1905 3319 dissegni
1939 3233 2082 3300 dell'
2116 3235 2411 3322 impresa‚
2459 3240 2521 3299 et
2552 3234 2764 3320 percio
2797 3233 3170 3301 desiderava
3202 3237 3335 3301 Sua
3352 3247 3422 3301 25

669 3337 915 3402 Maesta
974 3337 1088 3401 6136
1147 3338 1208 3403 di
1272 3363 1397 3427 qua
1458 3362 1524 3405 se
1570 3340 1612 3404 li
1671 3340 2005 3406 mandasse
2066 3340 2129 3405 di
2175 3349 2467 3427 presente
2513 3340 2776 3429 qualche
2833 3344 3191 3429 provisione
3253 3342 3335 3407 da

668 3446 899 3530 potersi
946 3444 1158 3511 valere
1206 3455 1427 3513 contra
1473 3470 1608 3512 esso
1656 3471 1772 3514 6033
1821 3447 2164 3514 1’63311031113
2210 3449 2274 3513 di
2321 3448 2451 3515 Sua
2500 3449 2914 3515 Beatitudine.

669 3695 699 3752 ὲ
737 3705 893 3753 tanto
930 3699 1132 3768 avanti,
1171 3700 1272 3754 che
1310 3699 1455 3753 saria
1492 3700 1545 3753 la
1582 3699 1954 3770 disperatione
1992 3700 2049 3753 di
2087 3700 2255 3771 quelli
2294 3699 2491 3771 prelati
2529 3700 2631 3754 6136
2668 3717 2800 3754 sono
2828 3717 2954 3771 qua.
3010 3700 3153 3753 Dem
3179 3703 3333 3753 mim-

668 3788 846 3842 lichen
880 3789 1100 3857 Herzog
1135 3806 1240 3844 von
1275 3790 1524 3843 Ferrara
1559 3788 1770 3844 sehrieb
1817 3788 2033 3843 damals
2069 3789 2170 3844 der
2210 3788 2451 3855 Bischof
2472 3806 2577 3843 von
2612 3790 2802 3856 Fano,
2841 3790 3029 3844 Pietro
3066 3789 3333 3857 BertcmO,

669 3878 822 3931 einer
872 3877 970 3931 der
1023 3879 1087 3932 in
1138 3878 1330 3932 Trient
1384 3878 1744 3933 anwesenden
1798 3878 2100 3947 Preilaten,
2156 3878 2417 3945 ebenfalls
2474 3896 2564 3932 am
2616 3883 2691 3933 25
2745 3879 2900 3933 Juztt:
2968 3879 3335 3950 l’imperatore
3351 3881 3426 3935 30

668 3966 919 4022 offerisce
967 3983 1002 4020 a
1049 3966 1354 4021 Lutherani
1408 3966 1744 4023 Protestanti
1783 3987 1857 4023 un
1908 3968 2184 4040 colloquio
2229 3969 2286 4023 in
2332 3967 2630 4023 Germania
2673 3969 2857 4022 avanti
2907 3968 2963 4023 16
2998 3969 3149 4023 dieta
3184 3975 3240 4023 et
3277 3969 3333 4021 in

670 4056 799 4125 quel
836 4073 1019 4110 mezzo
1056 4056 1096 4109 il
1133 4073 1300 4126 corpo
1336 4057 1426 4111 del
1462 4059 1694 4112 concilio
1733 4066 1906 4113 stesse
1944 4058 2098 4112 saldo
2135 4055 2205 4112 336
2243 4059 2287 4111 si
2326 4058 2702 4129 disciogliesse
2738 4075 2773 4112 a
2808 4065 2967 4128 patto
3016 4058 3240 4125 61633330,
3277 4057 3331 4109 (11

671 4144 830 4197 modo
868 4144 970 4198 6136
1006 4145 1312 4215 parerebbe
1350 4147 1453 4201 che
1489 4155 1696 4218 quanto
1734 4147 2009 4203 s'bavesse
2045 4165 2080 4202 a
2106 4147 2240 4214 fare,
2278 4148 2506 4202 havesse
2542 4165 2577 4201 a
2604 4148 2896 4218 dipendcre
2924 4148 3016 4201 dal
3043 4147 3334 4218 colloquio,

669 4230 873 4302 perche
912 4241 1122 4289 mentre
1159 4235 1268 4306 egli
1307 4236 1562 4304 durasse,
1613 4254 1720 4291 non
1768 4236 2036 4292 vorrebbc
2086 4237 2123 4290 il
2177 4237 2409 4292 concilio
2456 4236 2669 4292 facesse
2716 4237 2873 4292 altro,
2948 4236 3001 4291 la
3037 4237 3168 4306 qual
3206 4252 3337 4291 cosa

670 4339 778 4377 non
836 4323 952 4377 solo
1005 4323 1237 4379 sarebbe
1292 4326 1556 4397 indegna,
1612 4343 1704 4381 ma
1751 4325 2048 4382 recarebbe
2097 4327 2151 4380 al
2202 4327 2435 4381 concilio
2484 4327 2773 4381 dishonore
2818 4345 2919 4382 con
2970 4325 3335 4397 grandissimo
3353 4327 3424 4380 35

669 4411 890 4483 sfregio.
967 4412 1080 4468 Sua
1117 4412 1333 4470 Maesta
1369 4432 1437 4469 ne
1476 4417 1650 4470 scrive
1685 4415 1739 4470 al
1777 4433 1941 4487 papa,
1979 4434 2069 4470 ma
2106 4417 2284 4487 prima
2319 4416 2423 4471 6136
2460 4423 2708 4471 certezza
2734 4416 2933 4471 alcuna
2960 4433 3019 4469 se
3055 4414 3335 4483 n'habbia,

669 4501 784 4557 Sua
819 4499 1038 4557 Santita
1074 4504 1208 4557 deve
1245 4505 1529 4575 risponder
1565 4521 1600 4559 a
1635 4504 1836 4560 Cesare
1871 4523 1926 4558 u.
1966 4522 2007 4559 s.
2046 4523 2110 4559 w.
2185 4505 2361 4559 Beide
2412 4505 2611 4560 Smeke
2656 4507 2729 4558 im
2780 4504 2930 4574 Oriy.
2966 4506 3032 4558 in
3071 4504 3334 4571 Modena,

669 4592 835 4646 Arch.
867 4592 928 4646 di
945 4593 1119 4648 Stato.
1175 4594 1294 4647 Ein
1317 4595 1729 4664 yleichzeitiyes,
1761 4595 2255 4650 bemerkenswertes
2281 4595 2575 4649 Schreiben
2602 4594 2695 4649 des
2720 4595 3035 4648 ncimlichen
3060 4593 3335 4660 BischofS,

668 4683 892 4737 welcher
941 4682 1044 4737 das
1080 4682 1286 4737 Konsil
1331 4684 1477 4740 nach
1513 4683 1656 4738 Rom
1704 4685 1907 4754 verlcyt
1954 4685 2150 4738 missen
2197 4685 2431 4751 mochte,
2480 4702 2557 4737 an
2592 4684 2836 4738 Formae
2880 4701 2922 4737 s.
2959 4685 3024 4737 in
3060 4683 3171 4737 den
3205 4684 3334 4737 Bei-

671 4772 847 4840 lnyen.
993 4772 1067 4825 In
1116 4772 1352 4842 Venediy
1391 4779 1666 4829 6336631616
1701 4791 1835 4828 man
1875 4773 2083 4843 tciylich
2118 4790 2188 4826 zu,
2226 4774 2424 4838 horem,
2477 4769 2597 4841 ‹10ss
2636 4773 2724 4827 die
2761 4772 3204 4842 Konsilsleyaten
3241 4773 3333 4826 ab·
3354 4773 3425 4825 40

669 4861 899 4928 berufen
934 4862 1112 4915 scien:
1149 4862 1361 4918 Har-vel
1392 4867 1466 4917 26
1502 4863 1641 4932 Juzi,
1677 4863 1888 4931 Statep.
1926 4862 1988 4915 X
2024 4878 2108 4915 nr.
2148 4866 2289 4916 1191.
