3859 5575
699 425 807 494 310
1618 427 1716 488 No,
1756 429 1854 488 64:
1895 433 2033 488 1545
2072 431 2303 489 Oktobcr
2340 431 2448 501 35³4.

471 640 611 691 1545
700 631 1048 698 Heinrichs
1092 651 1211 695 von
1257 629 1549 711 Stolbery.
1642 630 2107 713 Bemii‘hunyen
2152 630 2260 694 der
2291 629 2747 708 Protestanten,
2796 630 2899 693 die
2942 630 3019 695 K
3015 632 3196 712 o'm'ye
3249 651 3367 695 von

420 709 539 764 ωσι·
570 708 662 779 3s4
699 738 1099 804 Frankreich
1142 739 1282 801 mul
1314 736 1624 819 Enyland
1653 738 2073 801 miteinander
2114 758 2196 802 zu
2240 738 2584 802 verso'hnen
2628 739 2765 802 und
2803 739 2871 801 in
2901 738 3041 802 ihre
3075 739 3365 802 Βαναίας-

695 845 1199 930 9emssenschaft
1241 866 1322 908 zu
1367 844 1595 923 eichen,
1645 845 2070 909 anseheinend
2109 845 2266 909 ohne
2305 846 2546 927 yrossen
2593 845 2840 928 Erfoly.
2937 847 3115 910 Neue
3158 844 3368 910 Plc'ine

697 976 817 1028 zur
836 953 1203 1040 Erhaltuny
1234 953 1342 1017 des
1367 952 1681 1017 Friedens
1702 951 2007 1016 zwisalten
2031 952 2166 1015 dem
2193 951 2436 1016 Kaiser
2457 953 2595 1015 und
2619 952 3043 1031 Frankreich;
3083 953 3369 1034 yiinstiye

700 1062 1119 1139 Aussichten;
1192 1058 1481 1124 Chancm
1537 1060 1651 1141 fiir
1709 1060 1849 1122 eine
1899 1058 2258 1139 pc'z'pstliche
2313 1060 2739 1142 Vermittluny.
2845 1059 3371 1142 Verbandlunqen
3433 1082 3474 1133 5

698 1169 1001 1236 zwisalten
1047 1168 1183 1232 dem
1228 1166 1472 1231 Kaiser
1514 1166 1653 1230 und
1696 1165 2021 1247 Enyland.
2123 1165 2388 1231 Gabriel
2441 1167 2785 1232 Guzmann
2830 1188 2970 1232 war
3015 1167 3167 1249 aufs
3211 1190 3370 1232 neue

702 1279 904 1360 einiye
970 1277 1137 1358 Tage
1208 1297 1313 1338 am
1378 1273 1563 1355 Hofe.
1656 1274 2102 1355 Eryebnislose
2161 1275 2669 1356 Unternehmuny
2736 1275 2844 1338 cles
2900 1274 3184 1356 Herzoys
3251 1296 3368 1338 von

701 1384 1203 1464 Braunschweiy
1229 1403 1418 1464 yeyen
1452 1382 1747 1445 Bremen.
1797 1382 1967 1465 Reye
2005 1382 2064 1445 T
2068 1381 2370 1464 hatiykeit
2402 1383 2515 1445 der
2552 1381 2984 1463 arywc'iknisch
3011 1383 3370 1464 yemachten

702 1491 1162 1557 Protestanten.
1241 1487 1386 1554 Das
1417 1487 1675 1570 Projekt
1714 1488 1822 1552 des
1851 1488 2121 1570 Kre'eyes
2149 1490 2348 1552 wider
2381 1490 2492 1552 sie.
2571 1488 2868 1569 Anlcunfi‘
2905 1489 3243 1553 Dandinos
3272 1489 3370 1552 bei

706 1598 1124 1680 Bricfschlzfi
1137 1617 1159 1675 ,·
1220 1596 1623 1678 Beyriissuny
1669 1596 1864 1659 durch
1912 1595 2203 1660 Andelot.
2238 1634 2319 1642 —
2369 1596 2814 1676 Nachschrift:
2875 1597 3371 1678 Anberaumumy
3399 1617 3473 1669 10

702 1708 813 1771 der
856 1705 1155 1771 Audiens
1197 1703 1311 1784 fiir
1357 1702 1680 1767 Dande'no.
1774 1705 1936 1766 1545
1989 1703 2252 1769 Oktober
2298 1708 2399 1785 314
2448 1703 2732 1767 Brassel.

848 1842 971 1894 Aua
1006 1839 1175 1905 Rom,
1226 1838 1393 1892 Arch.
1439 1838 1562 1892 Vat.
1601 1837 1785 1892 Germ.
1840 1838 2008 1893 Nunt.
2062 1837 2167 1893 sub
2204 1839 2380 1893 Paulo
2420 1839 2502 1893 111
2549 1840 2653 1892 vol.
2691 1839 2725 1892 3
2763 1837 2855 1892 fol.
2900 1841 3153 1893 126-129
3198 1839 3367 1910 Oria,

911 1928 1245 1998 preisentiert
1281 1944 1371 1981 am
1411 1931 1495 1981 17.

886 2042 1200 2108 Havendo
1261 2050 1556 2129 recepute
1601 2042 1820 2108 lettere
1867 2042 1931 2107 di
1982 2045 2345 2130 monsignor
2390 2045 2453 2108 di
2502 2043 2765 2109 Caserta
2810 2044 2894 2109 da
2941 2044 3224 2132 Bologna
3269 2045 3370 2110 del

451 2167 668 2237 Spt.18
713 2161 790 2219 18
838 2151 940 2217 del
988 2158 1273 2236 passam,
1333 2148 1449 2215 che
1508 2152 1851 2216 avisavano
1912 2149 1973 2215 la
2034 2173 2224 2215 causa
2278 2151 2381 2216 del
2443 2175 2557 2217 suo
2604 2153 2840 2217 tardar'
2889 2176 3054 2218 esser
3102 2161 3261 2219 stato
3308 2153 3371 2218 la
3395 2170 3474 2221 15

703 2260 1004 2324 infirmita
1035 2258 1117 2346 ¹),
1182 2258 1268 2321 mi
1325 2279 1524 2344 parve
1583 2257 1667 2322 ad
1729 2260 2050 2344 proposito
2110 2280 2417 2326 excusare
2477 2259 2651 2324 detta
2710 2260 3017 2324 tardanza
3075 2284 3193 2325 con
3240 2261 3371 2326 Sua

705 2367 977 2432 Cesarea
1022 2366 1293 2448 Maesta,
1340 2364 1403 2429 la
1449 2364 1633 2452 quale
1680 2365 2087 2461 quantunche
2133 2365 2426 2453 pigliasse
2473 2374 2634 2431 tutto
2680 2368 2763 2432 ad
2811 2367 2978 2432 buon
3027 2368 3152 2433 fine
3198 2375 3261 2433 et
3303 2370 3368 2432 in

705 2474 919 2540 buona
977 2481 1185 2560 parte,
1246 2495 1368 2559 pur
1428 2473 1891 2552 demonstrava
1929 2496 2056 2538 non
2103 2473 2301 2539 haver
2344 2475 2596 2559 piacere
2644 2474 2800 2539 che'l
2845 2475 3128 2540 tardasse
3175 2485 3370 2558 tante,

704 2583 984 2646 maxime
1030 2580 1145 2646 che
1189 2582 1558 2666 monsignor
1606 2579 1885 2645 Andalot
1929 2580 2136 2645 havea
2180 2581 2352 2645 detto
2400 2582 2482 2645 ad
2529 2581 2661 2647 Sua
2692 2582 2935 2648 Maesta
2979 2582 3094 2647 che
3139 2583 3238 2647 fra
3278 2593 3370 2648 tre

453 2702 668 2772 Spt.14
707 2713 744 2755 0
793 2697 1044 2775 quattro
1102 2688 1306 2773 giorni
1363 2688 1596 2773 doppoi
1659 2687 1915 2752 l’arrivo
1975 2710 2088 2752 suo
2136 2687 2436 2752 sarrebbe
2483 2689 2622 2775 qui,
2685 2689 2800 2754 che
2855 2690 2922 2754 fu
2983 2689 3087 2754 alli
3140 2703 3219 2757 14
3269 2690 3472 2758 del2o

705 2804 974 2884 passatO.
1067 2804 1129 2861 et
1193 2804 1410 2883 questo
1470 2817 1707 2881 pareva
1765 2797 1897 2861 Sua
1956 2796 2203 2861 Maesta
2256 2795 2412 2861 che'l
2473 2796 2859 2862 desiderasse
2913 2821 3028 2884 per
3080 2799 3372 2863 intender

706 2905 821 2970 che
868 2902 1231 2969 risolutione
1277 2902 1480 2968 liavea
1526 2903 1681 2969 fatto
1729 2902 1960 2968 Nostro
2008 2902 2274 2989 Signore
2321 2926 2506 2990 sopra
2552 2903 2593 2968 il
2655 2905 2950 2988 concili0‚
3011 2913 3208 2971 atteso
3254 2907 3370 2970 che

706 3011 911 3078 havea
957 3013 1132 3076 aviso
1178 3012 1259 3076 de
1305 3011 1544 3076 Trento
1592 3010 1706 3075 che
1752 3010 1795 3075 li
1841 3009 2063 3098 prelati
2112 3034 2178 3076 se
2224 3034 2304 3075 ne
2348 3011 2681 3076 andavano
2738 3019 2801 3077 et
2856 3012 2970 3076 che
3018 3012 3207 3099 quelli
3253 3013 3367 3077 R'ni

705 3120 897 3206 legati
945 3142 1095 3184 eran
1144 3118 1311 3191 facili
1358 3117 1442 3183 ad
1490 3118 1607 3183 dar
1653 3118 1908 3182 licentia
1954 3118 2036 3183 ad
2069 3116 2385 3205 chiunque
2418 3118 2478 3182 la
2509 3118 2924 3184 domandava„
3019 3122 3164 3185 etsi
3196 3119 3372 3186 dolse

705 3227 913 3292 ch’era
971 3228 1213 3291 avisato
1263 3226 1327 3290 di
1374 3226 1436 3289 la
1481 3225 1597 3289 che
1644 3248 1710 3290 se
1757 3225 1985 3290 diceva
2033 3225 2190 3290 che’l
2237 3225 2500 3290 concilio
2549 3250 2672 3290 non
2722 3228 2772 3291 si
2819 3228 3076 3310 facem,
3136 3228 3368 3313 perche
3389 3239 3468 3293 25

704 3335 833 3399 Sua
880 3333 1152 3398 Cesarea
1198 3333 1443 3398 Maesta
1490 3332 1751 3398 havesse
1797 3333 1969 3399 detto
2017 3331 2173 3397 che'l
2221 3332 2482 3398 concilio
2531 3356 2714 3398 senza
2762 3334 2822 3397 la
2869 3334 3042 3399 forza
3087 3358 3212 3399 non
3259 3358 3370 3399 era

702 3443 914 3506 niente
973 3442 1053 3504 ne
1116 3439 1414 3516 bastava,
1476 3440 1896 3504 excusandosi
1957 3463 2133 3505 meco
2195 3439 2309 3504 che
2369 3438 2457 3504 lui
2517 3463 2639 3505 non
2705 3441 2965 3506 havesse
3026 3441 3196 3507 detto
3242 3443 3370 3506 mai

703 3547 865 3612 simil
929 3570 1108 3632 cosa3
1170 3570 1273 3612 ma
1320 3548 1355 3611 e
1402 3545 1527 3612 ben
1590 3569 1741 3612 vero
1805 3546 1919 3613 che
1967 3545 2172 3612 havea
2218 3547 2391 3611 detto
2439 3548 2554 3613 che
2601 3547 2664 3612 la
2709 3550 3084 3614 executione
3131 3572 3254 3615 non
3304 3573 3370 3615 se

702 3657 894 3721 sarria
939 3678 1128 3720 senza
1172 3656 1349 3721 forza
1392 3654 1635 3741 grande
1663 3657 1735 3739 2).

881 3763 967 3827 Et
1013 3764 1348 3850 soggiunse
1408 3786 1642 3827 ancora
1696 3762 1906 3827 ch’era
1951 3762 2193 3827 avisato
2251 3761 2684 3848 ch'aprendosi
2730 3765 2782 3826 si
2828 3763 3200 3849 procederia
3244 3762 3368 3828 alla
3388 3776 3463 3829 30

702 3870 1124 3936 declaratione
1192 3879 1415 3936 contra
1460 3869 1835 3952 Lutherani‚
1905 3867 1950 3933 il
2019 3868 2135 3933 che
2197 3892 2322 3934 non
2382 3870 2424 3934 li
2496 3871 2759 3956 piaceva
2828 3872 2877 3934 si
2948 3870 3188 3934 facesse
3256 3894 3370 3957 per

702 3979 955 4062 adesso,
1017 3977 1285 4042 dicendo
1347 3977 1462 4042 che
1522 4000 1646 4040 non
1708 3999 1817 4040 era
1874 3984 2094 4064 questo
2151 3975 2212 4040 lo
2273 3986 2768 4063 appuntamento
2817 3978 2984 4042 fatto.
3079 3986 3140 4040 et
3184 3976 3370 4063 repli-

702 4083 949 4151 candoli
996 4086 1055 4149 io
1105 4084 1219 4149 che
1266 4106 1393 4149 non
1439 4084 1725 4149 credesse
1777 4085 1826 4147 si
1874 4084 2053 4147 desse
2100 4086 2231 4148 cosi
2277 4083 2633 4149 facilmente
2681 4084 2936 4149 licentia
2980 4083 3062 4148 ad
3095 4085 3260 4165 tutti,
3307 4092 3369 4148 et

702 4192 818 4258 che
886 4191 1186 4258 sarrebbe
1259 4200 1422 4257 stato
1492 4192 1641 4256 forsi
1703 4190 1931 4277 meglio
1995 4190 2109 4255 che
2170 4190 2300 4255 Sua
2362 4191 2630 4257 Cesarea
2677 4191 2924 4255 Maesta
2983 4191 3042 4256 lo
3108 4192 3369 4256 havesse

682 4301 931 4366 'lassato
992 4300 1201 4386 aprire
1262 4301 1344 4365 da
1401 4300 1713 4387 principio
1773 4321 1961 4363 senza
2019 4298 2151 4362 fare
2212 4300 2647 4384 soprassedere
2703 4298 2834 4364 Sua
2881 4298 3127 4363 Santita
3171 4298 3258 4362 fin
3306 4297 3459 4364 al35

700 4409 1069 4491 settembre,
1129 4409 1294 4473 disse
1355 4408 1470 4473 che
1527 4407 1632 4473 se'l
1693 4409 1746 4471 si
1805 4407 1973 4471 fusse
2032 4415 2248 4492 aperto
2312 4415 2374 4471 et
2419 4406 2751 4472 bavessero
2797 4406 3142 4492 proceduto
3188 4429 3367 4471 come

846 4663 885 4733 ¹)
935 4662 1046 4733 Vyl.
1084 4680 1208 4717 zum
1244 4659 1532 4730 folyenden
1568 4659 1753 4714 Smek.

843 4752 883 4821 ²)
928 4755 1041 4823 Vyl.
1092 4770 1161 4807 zu
1211 4753 1386 4806 dieser
1432 4748 1784 4805 Besclcwerde
1837 4749 1929 4802 des
1974 4748 2205 4803 Kaisers
2253 4749 2385 4801 &ber
2435 4748 2524 4801 elie
2573 4746 3016 4815 Konzilslcyaten
3065 4745 3369 4800 Dandinos

700 4842 1311 4899 Parte'kularsehreiben
1348 4858 1465 4896 vom
1506 4844 1578 4893 10
1619 4838 1849 4893 Oktober
1884 4838 2083 4904 (umen
2117 4855 2204 4892 nr.
2247 4840 2360 4905 72).
