3859 5575
1317 489 1418 559 No.
1454 498 1686 559 3*-4*;
1724 500 1864 558 1545
1899 489 2008 557 Mai
2043 489 2332 558 29—Juni
2371 491 2418 555 ³7.
3090 486 3203 559 6ιό

539 703 914 782 altrimenti,
959 700 1061 765 ch'
1104 699 1253 766 Idio
1300 702 1358 764 ci
1407 698 1789 765 crucerebbe
1852 705 1916 763 et
1981 697 2207 783 ch’egli
2254 720 2362 762 era
2405 705 2626 761 tenuto
2673 697 2797 761 alla
2843 694 3092 781 perdita
3137 694 3203 760 di
3289 698 3430 779 1545

538 818 717 876 tante
764 811 991 874 anime.
1052 816 1119 872 et
1161 809 1228 872 in
1273 816 1498 892 questo
1545 808 1815 893 persiste
1860 806 2262 890 lungamente
2309 812 2374 868 et
2418 826 2540 869 6011
2585 801 2764 888 gran'
2804 801 3205 867 vehementia
3240 768 3370 821 Μαι
3392 771 3471 822 29

542 926 607 982 et
652 938 773 981 con
819 914 1094 1002 perfetto
1140 915 1293 979 zelo,
1386 913 1769 979 nondimeno
1816 913 1874 977 61
1919 921 2136 999 tempo
2183 934 2218 976 e
2264 911 2308 976 ’l
2363 912 2552 997 luogo
2598 933 2725 975 non
2771 909 2835 974 lo
2880 911 3206 976 ricercava

542 1033 608 1088 ct
652 1025 860 1109 questi
922 1022 1156 1106 signori
1216 1019 1280 1084 n'
1333 1021 1547 1086 hanno
1607 1023 1840 1085 sentito
1902 1018 2288 1105 dispiacere,
2345 1040 2462 1104 per
2520 1024 2757 1103 quanto
2813 1015 2982 1081 m'ha
3027 1015 3204 1081 detto

488 1146 524 1199 5
543 1132 909 1216 monsignor
939 1128 1192 1207 d'AraS,
1238 1136 1302 1192 et
1333 1135 1510 1192 tanto
1540 1129 1667 1215 piu
1713 1126 1829 1191 6116
1876 1129 1928 1191 si
1979 1124 2116 1191 son’
2162 1125 2464 1211 querelati
2500 1147 2620 1190 con
2653 1123 2980 1189 Granvela
3025 1133 3204 1211 parte

540 1235 693 1302 delli
739 1237 1122 1316 comissarii‚
1181 1237 1202 1299 i
1249 1237 1523 1321 principi
1570 1234 1650 1299 de
1697 1233 1868 1320 quali
1917 1240 2318 1317 trattengano
2364 1253 2491 1296 non
2540 1231 2886 1296 solamente
2941 1255 3067 1296 una
3110 1234 3207 1295 in-

541 1346 718 1408 finita
762 1343 830 1408 di
874 1344 1173 1430 capitam,
1219 1365 1321 1407 ma
1365 1343 1426 1407 16
1471 1342 1743 1407 fanterie
1792 1344 1858 1405 in
1903 1340 2144 1422 ordine,
2188 1339 2376 1404 talch'
2408 1342 2477 1404 in
2508 1361 2591 1402 un
2622 1340 2899 1403 instante
2928 1360 3206 1426 possono

541 1450 662 1516 sin'
707 1474 747 1516 a
791 1450 984 1535 hoggi
1030 1457 1295 1515 mettere
1341 1451 1603 1514 insieme
1650 1449 1880 1534 meglio
1938 1447 2004 1513 di
2051 1456 2284 1515 40000
2331 1447 2524 1525 fanti,
2584 1453 2651 1510 et
2709 1445 2943 1511 Cesare
3005 1448 3058 1510 si
3107 1451 3208 1509 sta

541 1559 709 1624 nella
754 1580 868 1622 sua
914 1556 1231 1623 ordinaria
1277 1556 1640 1622 solitudine.

455 1680 526 1734 10
719 1664 907 1730 Altro
952 1686 1083 1729 non
1126 1663 1471 1729 m’occorre
1515 1685 1586 1728 se
1632 1685 1760 1728 non
1806 1661 1923 1727 che
1971 1684 2097 1748 qua
2142 1659 2444 1747 s'aspetta
2490 1662 2558 1726 in
2601 1660 2796 1725 breve
2829 1659 2889 1725 el
2919 1661 3206 1746 principe

544 1772 610 1838 di
658 1771 895 1837 Savoia
940 1794 975 1836 6
1021 1769 1064 1836 'l
1109 1770 1436 1836 marchese
1484 1770 1588 1834 del
1633 1769 1882 1849 Vast0‚
1941 1768 2255 1834 ancorche
2315 1767 2597 1831 horamai
2656 1774 2883 1851 questa
2937 1789 3051 1832 sua
3098 1790 3210 1834 ve·-

477 1884 482 1889 ’
543 1888 699 1944 nuta
742 1879 826 1944 ha
872 1886 1189 1944 straccato
1234 1901 1356 1964 pur
1400 1886 1630 1964 troppo
1677 1877 1739 1942 la
1784 1884 1975 1941 corte.

720 1988 808 2051 Di
858 1985 1198 2053 Vormatia
1245 1995 1327 2053 29
1377 1985 1443 2049 di
1488 1988 1741 2070 maggio
1793 1984 1983 2053 1545.
3245 1987 3373 2044 Mai
3398 1991 3475 2043 29

544 2221 650 2286 4*.
720 2218 998 2300 Bischof
1015 2237 1135 2282 von
1179 2217 1485 2282 Cortona:
1517 2215 2013 2282 Bevorstehende
2042 2213 2744 2297 Reichstaysverleyuny
2772 2233 2978 2296 weyen
3008 2212 3209 2278 Reni—
3246 2219 3392 2275 Juni
3424 2224 3459 2274 7

458 2340 526 2393 15
545 2330 683 2390 tenz
728 2326 838 2390 der
868 2324 1317 2402 Protestanten,
1363 2323 1876 2388 wahrscheinlich
1912 2323 2074 2387 nach
2112 2322 2532 2404 Reyensbury.
2611 2320 2748 2386 Der
2780 2320 3028 2385 Kaisar
3067 2321 3209 2404 yeht

544 2435 619 2497 in
665 2434 767 2497 die
812 2431 889 2497 N
885 2431 1262 2510 medanae,
1319 2452 1413 2496 wo
1471 2432 1590 2495 das
1645 2430 2026 2512 Tc’iufertum
2081 2430 2271 2512 ρνρβε
2314 2428 2726 2493 Γοήεοῆνίέίε
2770 2428 2991 2493 macht.
3083 2428 3212 2494 Die

545 2539 1213 2621 Braunschweiyische
1271 2537 1471 2604 sache
1485 2559 1506 2616 ,·
1565 2537 1855 2618 Zweifel,
1916 2538 1988 2601 ob
2048 2538 2152 2601 die
2195 2536 2470 2601 Inhaber
2523 2536 2630 2600 des
2676 2535 3092 2617 Herzoytums
3149 2558 3213 2599 es

545 2647 972 2729 herausyeben
1028 2646 1293 2710 werden.
1385 2644 1746 2709 Ameichen
1803 2643 1975 2708 eines
2032 2642 2390 2707 drokenden
2451 2640 2790 2720 Konslikts.
2902 2640 3214 2705 Ferranie

556 2753 859 2836 Gonzaya
925 2753 1223 2836 bemfem
1290 2752 1713 2818 anscheinend
1777 2770 1958 2835 enyes
2027 2748 2528 2815 Einvernekmen
2595 2749 2716 2813 mit
2783 2748 2920 2813 dem
2986 2747 3210 2830 Papst.

459 2874 531 2928 20
550 2861 759 2924 Keine
803 2861 1161 2926 Anzeichen
1215 2881 1335 2925 von
1381 2860 1754 2941 Riistunyen
1814 2859 1922 2922 des
1967 2858 2255 2924 Kaisera
2348 2856 2478 2921 Die
2535 2855 2787 2937 Gefahr
2842 2876 2959 2919 von
3023 2854 3215 2920 Osten

547 2967 660 3049 fiir
712 2967 909 3032 dieses
961 2967 1135 3033 Jahr
1189 2967 1613 3032 ansckcinend
1672 2966 1961 3048 beseitiyt.
2067 2964 2205 3030 Der
2248 2964 2606 3044 Reichstay.
2712 2961 2851 3027 Der
2910 2961 3211 3043 6119ῖί3611-

548 3074 973 3156 franziisische
1027 3074 1248 3156 Kriey.
1351 3072 1683 3153 Botschafl
1739 3073 1843 3136 des
1905 3072 2180 3136 Kaisers
2235 3093 2323 3136 an
2393 3070 2584 3135 Vasio
2643 3068 2842 3133 durch
2899 3069 3022 3133 den
3081 3070 3214 3135 Ab·

546 3182 915 3263 yeordneten
958 3179 1206 3246 Sienas.
1300 3179 1611 3246 Schlechte
1654 3179 2226 3243 Ernteaussichten
2268 3179 2343 3242 in
2391 3176 2685 3259 Spaniam
2730 3176 2867 3239 und
2892 3174 3213 3259 Portuyal..

550 3292 715 3354 1545
758 3289 929 3353 Jum·
974 3290 1016 3350 7
1075 3286 1338 3354 Worms.

462 3416 533 3470 25
694 3411 826 3467 eod.
865 3411 1008 3466 Med.
1041 3413 1184 3467 4303
1225 3411 1502 3481 offyemz,
1531 3415 1686 3481 pras.
1725 3413 1790 3464 15
1826 3409 1984 3465 Juni.
2025 3440 2093 3448 -
2130 3408 2408 3464 Erwalmt
2444 3407 2581 3462 oben
2617 3406 2673 3461 S.
2701 3410 2826 3474 186,
2862 3410 2929 3475 2‚·
2968 3411 3093 3475 188,
3133 3411 3178 3462 1.

729 3557 861 3568 ---
914 3518 1042 3583 Ρ61·
1085 3518 1144 3582 16
1191 3519 1316 3583 11116
1373 3518 1592 3582 ultime
1652 3518 1820 3582 infra
1872 3516 2075 3582 l'altre
2131 3538 2280 3580 cose
2340 3515 2647 3599 significai
2695 3537 2732 3578 a
2778 3513 2866 3579 V.
2912 3514 2989 3579 E.
3036 3536 3216 3580 come

554 3625 617 3690 di
688 3626 860 3691 buon
927 3625 1115 3710 luogo
1182 3626 1435 3691 havevo
1500 3627 1750 3690 ritratto
1820 3625 1938 3689 6116
2008 3625 2068 3688 61
2135 3625 2541 3709 partiremmo
2610 3621 2676 3686 di
2744 3629 2968 3707 questa
3031 3629 3217 3704 terra,

552 3731 780 3818 poiche
826 3735 1032 3818 questi
1080 3733 1469 3797 Protestanti
1529 3754 1657 3797 non
1712 3733 1766 3796 si
1827 3730 2204 3817 degnavano
2265 3729 2328 3793 di
2378 3729 2746 3815 comparire.
2836 3729 2890 3792 si
2939 3751 3020 3793 va
3066 3751 3219 3794 con-

552 3839 860 3903 firmando
922 3845 1062 3925 (per
1121 3847 1357 3925 quanto
1404 3839 1688 3919 intendo)
1752 3838 1811 3904 61
1868 3837 2248 3917 medesimO,
2302 3835 2606 3902 ‘restando
2666 3840 2819 3921 pero
2866 3836 2934 3899 in
2977 3833 3217 3900 dubbio

465 3945 725 4013 30dove
772 3945 1061 4011 s’habbia
1106 3969 1145 4011 a
1190 3945 1553 4011 transferire
1602 3944 1733 4010 Sua
1777 3943 2054 4010 Cesarea
2098 3943 2353 4008 Maesta
2408 3965 2526 4029 per
2583 3940 2901 4006 detenersi
2946 3939 3053 4004 fm’
3097 3941 3221 4006 alla

556 4052 771 4119 futura
815 4051 1005 4133 dieta,
1050 4053 1260 4138 laqual
1307 4055 1358 4118 si
1408 4052 1747 4133 celebrer-a,
1793 4074 1909 4139 per
1953 4050 2314 4137 l'oppenion
2347 4051 2491 4129 mia,
2538 4050 2602 4113 in
2633 4048 3001 4125 Ratisbona,
3050 4048 3215 4115 dove

555 4165 727 4225 stara
783 4161 895 4246 piu
955 4162 1182 4231 sicuro·
1224 4160 1339 4224 6116
1395 4161 1459 4223 111
1520 4160 1681 4223 altro
1727 4159 1946 4245 luogo,
1991 4156 2286 4222 havendo
2336 4156 2419 4221 da
2463 4179 2590 4220 una
2641 4178 2829 4220 mano
2883 4157 3219 4243 propinqui

555 4266 600 4328 li
647 4268 795 4331 stati
843 4265 948 4330 del
996 4289 1062 4331 16
1110 4265 1211 4331 de’
1256 4267 1549 4348 Romani,
1595 4264 1745 4330 dall’
1791 4265 1953 4329 altra
1997 4265 2041 4328 li
2090 4264 2283 4330 duchi
2330 4263 2395 4328 di
2441 4263 2746 4343 Baviera,
2791 4263 2837 4327 li
2882 4264 3051 4349 quali
3100 4265 3218 4327 soli

556 4370 658 4437 de'
703 4375 976 4459 principi
1023 4372 1358 4459 temporali
1405 4374 1458 4437 si
1507 4393 1901 4438 conservano
1959 4373 2102 4458 puri
2162 4370 2326 4436 infra
2389 4378 2565 4435 tanta
2618 4370 2992 4456 corruptela.
3081 4372 3222 4456 giu-

465 4491 538 4544 35
556 4478 703 4544 dico
750 4485 905 4566 pero
951 4479 1069 4545 che
1116 4502 1233 4566 per
1274 4480 1360 4544 fin
1406 4501 1445 4543 a
1490 4479 1633 4565 quel
1680 4488 1897 4564 tempo
1946 4478 2182 4544 Cesare
2230 4479 2284 4543 si
2331 4475 2539 4543 debba
2586 4476 2903 4542 conferire
2951 4485 3015 4541 et
3044 4476 3223 4542 dete-

558 4609 706 4651 nere
766 4588 832 4650 in
890 4585 1198 4663 Fiandra,
1256 4588 1528 4651 maxime
1589 4586 1703 4650 6116
1773 4588 1840 4650 111
1907 4585 2119 4672 quella
2175 4593 2355 4671 parte
2415 4583 2580 4649 della
2642 4581 2951 4648 Gheldria
3011 4607 3220 4649 vanno

556 4693 1038 4780 multiplicando
1083 4694 1128 4758 li
1177 4694 1559 4772 Anabatisti,
1605 4692 1837 4780 perche
1881 4695 1984 4777 gia
2032 4694 2096 4756 in
2145 4715 2272 4757 una
2317 4700 2485 4756 terra
2531 4694 2855 4756 nominata
2899 4689 3148 4758 Vasser
3174 4697 3219 4774 ²¹)

701 4911 744 4960 ι)
775 4909 870 4948 Sic!
