3859 5575
1558 444 1657 503 No.
1698 446 1755 503 7:
1801 449 1934 504 1545
1971 446 2116 503 Marz
2152 448 2239 505 28.
3159 447 3230 510 87

566 666 738 732 papa
794 644 1036 710 volesse
1096 643 1431 710 ritardarlo
1490 669 1528 710 6
1571 645 1939 732 impedir10,
2002 645 2118 711 che
2164 646 2295 713 Sua
2339 646 2588 712 Maesta
2632 646 2904 714 Cesarea
2964 647 3232 735 pigliara
3313 655 3452 705 1545

563 751 956 838 expediente,
1004 750 1559 838 accioch'ogniuno
1605 755 1751 817 sara
1796 760 2091 818 contento
2122 754 2193 840 ¹).
3267 726 3407 781 Mn·
3427 729 3507 780 28

745 858 884 924 Hor
942 857 1149 946 quello
1210 857 1326 924 che
1384 859 1881 946 risponderanno
1943 858 1987 924 li
2033 861 2263 926 sudetti
2310 862 2667 944 commessi,
2714 861 2793 926 V.
2839 860 2966 925 R¹¹¹⁸
3018 861 3082 927 S.
3139 862 3230 926 in·

565 964 830 1031 tendara
889 975 1135 1053 presto,
1191 964 1422 1053 perche
1477 965 1522 1030 li
1580 989 1779 1032 sonno
1824 965 2138 1032 sollicitati
2196 991 2236 1032 a
2280 968 2678 1055 rispondere,
2738 969 2819 1033 66
2864 968 2899 1031 ὲ
2947 974 3046 1033 116
3097 967 3233 1035 1616

511 1085 547 1138 5
567 1072 756 1138 huom
823 1072 888 1137 di
963 1073 1319 1139 conditione
1387 1080 1634 1139 excetto
1692 1072 1732 1138 'l
1791 1074 2008 1160 signor
2063 1074 2354 1140 Palatino
2426 1074 2698 1142 elettore.
2808 1075 3036 1141 dicono
3116 1074 3232 1142 che

567 1203 875 1245 verranno
923 1179 1125 1246 anche
1171 1179 1228 1246 el
1274 1179 1598 1246 cardinale
1644 1180 2024 1266 Moguntino
2070 1179 2170 1247 col
2218 1180 2620 1268 landtgravio
2667 1190 2731 1247 et
2775 1181 3023 1269 qualch’
3070 1182 3231 1248 altro

565 1290 832 1373 signore,
880 1310 985 1351 ma
1044 1286 1169 1352 alla
1226 1295 1464 1352 venuta
1522 1286 1590 1351 di
1635 1286 1900 1370 Cesare,
1961 1286 2026 1353 la
2082 1288 2299 1375 quale,
2365 1289 2769 1377 quantunche
2814 1289 2943 1355 Soa
2987 1289 3233 1355 Maesta

564 1396 772 1460 scriva
815 1402 1057 1481 prest0,
1117 1416 1274 1481 pure
1319 1396 1527 1481 prima
1574 1393 1690 1459 che
1738 1403 1822 1459 20
1867 1395 2073 1480 giorni
2121 1395 2289 1482 dopo
2333 1419 2579 1483 pasqua
2623 1419 2751 1462 non
2796 1398 2983 1483 potra
3026 1418 3230 1462 essere
3269 1412 3408 1480 Apr.
3432 1414 3504 1465 25

563 1504 663 1589 (ut
704 1501 941 1587 audio).

477 1626 548 1680 10
742 1607 927 1673 Delle
971 1629 1114 1673 cose
1160 1606 1276 1673 che
1321 1608 1371 1672 si
1420 1609 1758 1694 negotiano
1805 1631 2061 1695 apresso
2107 1608 2169 1674 la
2201 1609 2447 1676 Maesta
2476 1609 2767 1693 Cesarea,
2799 1611 2886 1675 mi
2918 1611 3231 1698 persuado

566 1715 681 1781 che
740 1717 1106 1802 monsignor
1151 1713 1408 1781 Verallo
1469 1737 1589 1779 con
1649 1713 1713 1779 la
1772 1713 1958 1780 solita
2014 1715 2343 1801 diligentia
2400 1739 2517 1782 sua
2575 1716 2791 1804 tenghi
2835 1718 3232 1806 raguagliata

568 1824 644 1888 V.
691 1823 737 1890 S
802 1822 951 1887 ΒΜ.
1021 1830 1084 1888 61
1130 1820 1341 1908 perch'
1388 1824 1450 1886 io
1511 1823 1697 1908 veggi
1747 1821 1863 1888 che
1909 1824 2276 1910 monsignor
2320 1823 2445 1888 R¹¹²⁰
2499 1823 2559 1888 d'
2608 1825 2900 1910 Augusta
2962 1848 3045 1890 va
3089 1828 3231 1892 rite-

568 1938 721 1996 nuto
766 1932 832 1995 in
878 1928 1170 2012 avisarla,
1219 1928 1414 1994 sendo
1445 1928 1578 1994 Sua
1608 1928 1905 2014 Signoria
1936 1931 2046 2017 qui
2091 1928 2532 2016 luogotenente
2579 1931 2643 1996 di
2676 1931 2926 2015 Cesare,
2973 1941 3037 1997 et
3067 1934 3233 1998 forse

567 2038 770 2102 alcun'
818 2043 1093 2123 respetto
1138 2034 1202 2101 16
1247 2037 1432 2118 11666,
1479 2037 1566 2099 161
1610 2057 1729 2121 par
1775 2034 1942 2101 mille
1991 2038 2142 2101 anni
2191 2037 2307 2102 che
2354 2037 2584 2103 Nostro
2631 2039 2897 2126 Signore
2943 2039 3092 2105 habi
3124 2042 3233 2127 qui

483 2163 550 2215 15
569 2168 653 2210 un
701 2167 815 2210 suo
861 2145 1121 2227 noncio,
1182 2141 1329 2231 qual
1376 2164 1565 2229 possa
1610 2165 1650 2207 a
1695 2144 1883 2229 pieno
1930 2144 2204 2208 scrivere
2251 2152 2313 2209 et
2357 2144 2758 2232 raguagliare
2805 2146 2937 2212 Sua
2967 2147 3232 2231 Santita,

567 2254 740 2318 accio
788 2253 839 2316 si
885 2273 1071 2338 possa
1115 2251 1445 2337 prevenire
1491 2273 1531 2314 a
1577 2250 1749 2315 molti
1782 2251 2271 2331 inconvenienti,
2319 2252 2434 2317 che
2480 2275 2691 2340 ponno
2732 2276 2990 2319 nascere
3035 2263 3098 2320 et
3143 2277 3235 2320 se-

567 2361 745 2446 guire
776 2361 925 2446 ogni
954 2358 1041 2436 di,
1088 2380 1265 2423 come
1294 2359 1382 2422 mi
1428 2380 1583 2444 pare
1630 2357 1779 2422 habi
1827 2360 2071 2423 avisato
2119 2357 2176 2423 el
2222 2359 2470 2425 sudetto
2517 2362 2642 2425 R¹¹¹⁰
2699 2360 3020 2428 cardinale
3051 2362 3131 2428 V.
3166 2363 3229 2430 S.

567 2490 680 2554 per
725 2490 812 2532 un
859 2488 972 2531 suo
1019 2465 1357 2530 secretario
1403 2472 1533 2529 otto
1578 2466 1784 2551 giomi
1836 2465 1898 2529 fa
1924 2467 1998 2549 ²).

745 2573 961 2639 Dicesi
1007 2571 1165 2637 che’l
1211 2572 1423 2637 Turco
1472 2573 1615 2637 vien
1660 2572 2169 2659 gagliardissimo
2217 2580 2280 2638 et
2324 2581 2543 2639 contra
2589 2575 2840 2641 Vienna
2884 2577 3232 2642 6611116616-

482 2688 793 2750 2611161116.
886 2681 1024 2767 gia,
1071 2701 1248 2744 come
1294 2678 1446 2744 dissi
1504 2701 1620 2765 per
1664 2678 1956 2763 l'ultime,
2017 2679 2144 2745 Soa
2188 2679 2460 2747 Cesarea
2503 2681 2753 2748 Maesta
2806 2682 2890 2747 ha
2933 2684 3233 2749 mandato

568 2786 656 2875 gli
693 2787 1038 2876 Spagnioli,
1070 2785 1243 2875 quali
1274 2808 1466 2852 erano
1496 2791 1747 2852 intorno
1779 2809 1819 2852 a
1848 2785 2038 2875 Spira
2081 2785 2359 2874 (dicono,
2405 2787 2523 2855 che
2566 2812 2837 2877 passano
2885 2797 2980 2857 tre
3011 2789 3232 2876 milia),

573 2955 811 2962 ...ῥ’-ῳ-
854 2955 951 2961 -φ
984 2954 1095 2960 .—.—-

715 3057 752 3126 ¹)
792 3058 1028 3127 Papiers
1067 3056 1242 3110 d'etat
1285 3056 1320 3111 1.
1356 3056 1422 3110 L:
1473 3055 1606 3126 quia
1657 3056 1949 3111 concilium
2000 3074 2191 3111 rursus
2241 3057 2584 3128 patefactum
2634 3067 2691 3114 et
2736 3059 3018 3131 negotium
3066 3060 3230 3116 refor-

570 3148 822 3202 mationis
841 3147 1289 3201 deliberationem
1308 3145 1619 3200 ulteriorem
1650 3162 1757 3200 non
1787 3147 2015 3216 patitur,
2046 3146 2351 3201 consultius
2379 3146 2681 3203 Caesareae
2709 3148 2988 3219 Majestati
3018 3149 3235 3205 videtur

570 3244 633 3291 ut
658 3236 1017 3307 disputationi
1044 3234 1446 3290 reformationis
1484 3234 1998 3304 impraesentiarum
2036 3236 2475 3306 supersedeatur,
2511 3253 2621 3307 quo
2662 3236 2875 3292 scilicet
2911 3255 3234 3309 progressus

480 3329 551 3384 25
570 3325 785 3380 concilii
831 3331 890 3380 61
933 3341 1077 3395 quae
1121 3323 1198 3379 ibi
1257 3340 1384 3394 spes
1439 3322 1843 3379 reformationis
1891 3323 2082 3379 futura
2130 3325 2235 3388 sit,
2285 3326 2496 3380 interea
2545 3333 2853 3396 spectetur,
2903 3334 2995 3397 ut,
3043 3327 3091 3382 si
3137 3327 3235 3381 illa

568 3412 791 3470 deficiat
837 3420 966 3469 ante
1002 3414 1166 3483 hujus
1202 3419 1504 3469 conventus
1540 3412 1764 3479 exitum,
1801 3413 1912 3468 alia
1947 3414 2225 3469 indicatur
2260 3413 2424 3479 dieta,
2461 3414 2519 3468 in
2555 3431 2669 3485 qua
2704 3415 3016 3485 hujusmodi
3068 3415 3231 3470 refor-

569 3504 822 3559 mationis
868 3510 926 3559 61
961 3503 1239 3573 religionis
1276 3502 1558 3573 negotium
1594 3509 1980 3572 pertractetur.
2067 3503 2181 3572 Vql.
2213 3502 2303 3558 die
2330 3503 2737 3574 Erliiuterunq,
2772 3505 2965 3559 welche
2992 3504 3066 3559 K.
3095 3504 3232 3559 Fer·

568 3593 788 3648 dinand
823 3593 984 3648 selbst
1019 3609 1090 3646 zu
1128 3591 1325 3647 diesem
1360 3591 1657 3646 Abschm‘tt
1697 3592 1794 3647 der
1830 3593 2504 3663 Reichstaysproposition
2535 3596 2644 3663 9611
2658 3613 2677 3648 .-
2711 3599 2887 3649 umen
2921 3610 3008 3649 nr.
3045 3599 3097 3649 8.

713 3683 754 3748 ²)
792 3682 946 3738 Hora
981 3681 1202 3737 circiter
1236 3682 1273 3735 4
1309 3681 1487 3736 noctis
1524 3682 1575 3734 d.
1606 3680 1850 3737 Annibal
1879 3682 2135 3737 Senensis
2171 3681 2238 3736 de
2268 3682 2545 3753 Bellagais
2572 3681 2899 3738 Tridentum
2936 3702 3035 3756 per
3062 3702 3233 3757 equos

481 3777 553 3830 30
570 3772 862 3843 dispositos
910 3771 1088 3837 venit3
1138 3771 1185 3825 is
1232 3778 1320 3825 est
1369 3770 1700 3825 secretarius
1750 3771 2044 3826 cardinalis
2094 3771 2442 3841 Augustani,
2489 3772 2585 3843 qui
2634 3771 2865 3827 Romam
2913 3791 2948 3828 a
2994 3791 3094 3829 suo
3139 3775 3230 3829 do·

570 3862 717 3916 mino
755 3861 994 3915 mittitur
1029 3859 1102 3915 ob
1139 3860 1539 3931 negotiationes
1575 3859 1845 3930 publicas.
1919 3860 1993 3915 So
2031 3861 2352 3916 Massam-elli
2386 3877 2512 3915 zum
2545 3864 2621 3916 24
2657 3862 2826 3918 Μᾶνε
2861 3864 3000 3917 1545
3037 3862 3229 3933 (Barb.

569 3951 707 4007 XVI
745 3950 815 4004 27
852 3950 892 4004 f.
931 3952 996 4003 11
1012 3947 1079 4018 ι).
1165 3948 1291 4002 Una
1329 3948 1565 4004 derselbe
1600 3967 1725 4003 zum
1760 3953 1836 4004 25
1871 3951 2071 4004 Mdrz:
2107 3949 2178 4005 D.
2219 3949 2461 4004 Annibal
2512 3950 2651 4004 hora
2692 3950 2756 4004 14
2791 3951 2861 4004 ad
2900 3952 3230 4007 cardinalem

571 4039 808 4095 Sanctae
844 4039 1040 4094 Crucis
1077 4055 1204 4092 cum
1242 4037 1415 4092 literis
1453 4038 1537 4092 sui
1576 4039 1781 4094 domini
1831 4040 2008 4100 venit.
2058 4039 2191 4094 licet
2237 4040 2375 4094 hora
2421 4039 2458 4092 4
2504 4040 2835 4110 praeteritae
2882 4041 3061 4096 noctis
3109 4039 3231 4095 Tri-

569 4129 794 4183 dentum
841 4126 1229 4197 applicuisset;
1278 4127 1509 4182 Romam
1556 4128 1629 4182 ob
1676 4129 1898 4199 negotia
1947 4128 2173 4199 publica
2224 4145 2282 4182 66
2318 4128 2523 4183 iturum
2561 4128 2753 4184 retulit
2804 4129 2863 4197 (1.
2905 4129 2938 4183 1.
2979 4128 3124 4199 llb).
3170 4157 3231 4167 —

482 4220 551 4275 35
571 4218 687 4273 Der
722 4217 980 4273 Sekretaeir
1014 4217 1368 4272 tiberbrachte
1405 4218 1512 4272 das
1548 4218 1631 4272 bei
1668 4236 1711 4273 v.
1752 4217 1995 4286 Druffeh
2033 4218 2186 4272 Karl
2219 4217 2278 4285 V,
2315 4218 2388 4272 II
2423 4216 2477 4272 S.
2506 4220 2615 4271 48-
2633 4221 2698 4271 51
2730 4218 3028 4287 yedruckte
3070 4220 3233 4275 wich-

573 4308 683 4376 ιί96
710 4307 999 4363 schreiben
1035 4306 1129 4362 des
1154 4306 1477 4361 Kardinals
1514 4324 1631 4362 vom
1664 4310 1732 4361 21
1760 4307 1953 4373 Mara,-
1988 4307 2096 4376 691.
2128 4306 2217 4361 die
2245 4307 2599 4376 Einleituny.
2629 4336 2694 4345 —
2736 4307 2857 4362 Zur
2882 4307 3234 4378 Emennuny

576 4396 725 4452 Ottos
760 4414 881 4452 zum
918 4396 1191 4451 residente
1216 4395 1343 4451 dell’
1373 4396 1601 4466 imperio
1631 4397 1961 4466 (Capilupoe
1998 4396 2309 4467 presidente
2336 4396 2481 4450 della
2510 4395 2739 4468 Magna)
2769 4398 2872 4466 vyl.
2901 4397 3005 4452 das
3033 4397 3233 4453 Glauk-

571 4486 1067 4541 wunschschreiben
1104 4486 1196 4540 des
1233 4485 1550 4540 Kardinals
1579 4485 1800 4540 Cervim‘
1836 4503 1955 4540 vom
1987 4489 2060 4540 25
2098 4486 2262 4540 Μᾶνι
2296 4486 2360 4539 in
2396 4485 2568 4553 Flora,
2608 4484 2772 4540 Carte
2808 4485 2963 4541 Oerv.
3001 4485 3129 4542 filza
3169 4488 3235 4542 18

571 4575 663 4630 fol.
701 4574 812 4629 57².
886 4576 1048 4630 Auch
1085 4574 1186 4628 der
1222 4575 1574 4628 Mantuam
1614 4574 1890 4643 Capilupo
1928 4575 2188 4629 berichtet
2226 4593 2316 4629 am
2350 4579 2424 4628 24
2452 4575 2617 4629 Mdv-z
2644 4574 2917 4641 dai-aber,-
2953 4575 3051 4630 der
3076 4580 3231 4630 mim·

482 4666 708 4721 401ic1ae
735 4664 943 4718 erzcihlt
970 4682 1060 4738 am
1100 4668 1131 4717 1
1157 4664 1339 4731 April,
1371 4661 1490 4732 dost
1518 4681 1608 4719 am
1635 4664 2091 4719 bovorstehenden
2125 4664 2624 4734 Grandonnerstaq
2644 4665 2704 4731 (2
2729 4665 2922 4734 April)
2954 4663 3234 4733 Truchsess

572 4751 694 4808 dira
730 4770 908 4808 messa
942 4762 1000 4809 et
1036 4750 1480 4808 communichera
1515 4753 1697 4808 alcuni
1749 4754 1802 4808 di
1851 4755 2033 4825 questi
2085 4754 2322 4825 signori;
2376 4751 2558 4808 laven-h
2609 4755 2623 4807 i
2675 4755 2819 4825 piedi
2868 4771 2904 4808 a
2949 4755 3137 4825 poveri
3176 4761 3233 4810 et

573 4840 693 4898 fari»,
731 4859 839 4897 uno
876 4859 1122 4897 sermone
1160 4860 1341 4898 mezzo
1379 4842 1639 4899 thedesco
1675 4851 1732 4898 et
1772 4860 1954 4898 mezzo
1993 4844 2178 4900 latino.
