3859 5575
645 430 753 495 130
1624 432 1724 488 No.
1761 433 1856 488 20:
1895 403 2035 488 1545
2072 432 2225 503 April
2259 434 2348 488 28.

414 635 555 688 1545
648 630 1106 712 Schleppender
1143 630 1334 711 Gany
1378 630 1485 694 des
1522 629 1905 712 Reichstays.
2001 627 2541 709 Verhandlunyen
2584 627 2794 692 hinter
2840 629 2960 693 den
2990 628 3323 695 Kulissen.

359 709 600 778 ΑΨ·Εὸ
645 736 784 804 Der
825 737 1100 816 Kaiser,
1155 757 1238 802 zu
1283 737 1421 801 dem
1466 736 1574 801 der
1618 735 1865 817 Herzoy
1919 755 2039 800 von
2100 734 2370 800 Orle'ans
2423 734 2778 816 yekommen
2833 735 2953 808 ist,
3011 736 3177 799 wird
3219 759 3316 801 er-

640 848 877 911 wartet.
982 842 1619 925 Widerspruchsvolle
1664 842 1955 924 Haltunq
2015 842 2123 906 des
2183 847 2452 905 ersteren
2513 841 2649 905 dem
2705 841 2946 906 Konzil
3001 842 3140 906 und
3195 843 3319 908 den

640 950 1080 1017 Protestanten
1142 950 1503 1033 yeyem'ae'ber.
1610 948 1863 1014 Besueh
1930 948 2040 1013 des
2105 947 2406 1013 Nuntius
2480 948 2577 1012 bei
2645 948 2783 1012 dem
2847 948 3320 1030 franziisisehen

651 1059 883 1125 Orator
943 1058 1256 1140 G-riynan.
1348 1055 1594 1123 Dessen
1650 1054 2103 1137 Mitteilunyen
2168 1055 2327 1119 iiber
2392 1055 2560 1119 seim
2627 1054 2952 1136 Austrdye
3015 1056 3131 1137 fiir
3197 1057 3320 1121 den
3372 1068 3417 1123 5

645 1166 983 1248 Reiehstay
1039 1165 1176 1229 und
1229 1165 1345 1229 das
1398 1163 1660 1241 Koma,
1720 1162 1905 1227 sowie
1968 1161 2121 1226 iiber
2183 1162 2284 1225 die
2331 1160 2816 1245 Anyeleyenheit
2868 1163 2974 1226 des
3034 1162 3317 1244 Waffen-

642 1273 993 1338 stills-tande
1050 1272 1169 1335 mit
1226 1272 1347 1336 den
1410 1271 1674 1336 Tiirken.
1771 1269 2103 1351 G-riqnans
2166 1258 2609 1351 Austerunyen
2675 1269 2826 1333 iiber
2889 1270 3008 1334 das
3063 1270 3320 1349 Konzil,

644 1380 896 1445 welches
953 1401 1021 1443 er
1077 1379 1277 1442 durch
1332 1378 1516 1443 einen
1572 1375 2109 1442 immationalen
2153 1375 2451 1441 Konvent
2508 1376 2583 1439 in
2627 1375 2804 1441 Mete
2860 1381 3076 1441 ersetet
3134 1378 3321 1443 seben

644 1486 890 1551 mo‘chte.
980 1484 1412 1567 Miynanellos·
1455 1484 1618 1561 Rat,
1681 1484 1798 1548 das
1842 1481 2084 1550 Kone-il
2136 1483 2212 1546 in
2266 1484 2485 1547 Trient
2541 1503 2624 1547 zu
2669 1482 2947 1563 ero’ffnen
3003 1485 3141 1548 und
3182 1486 3319 1550 eine

644 1592 1011 1676 allqemeine
1054 1592 1319 1674 Reform
1363 1591 1827 1657 voreunehmen.
1920 1591 2085 1654 1545
2130 1589 2329 1671 April
2373 1592 2462 1657 28
2518 1589 2788 1655 Worms.
3334 1603 3413 1658 lo

786 1736 908 1790 Anus
942 1736 1199 1802 Florem,
1236 1735 1305 1788 Α.
1344 1734 1407 1788 di
1441 1733 1520 1789 St.
1559 1733 1721 1789 Certe
1758 1733 2081 1789 Cerviniane
2117 1731 2246 1787 filza
2286 1734 2356 1787 15
2394 1732 2487 1787 fol.
2526 1733 2611 1787 45.
2649 1733 2720 1787 46
2760 1732 2912 1804 Oriy.
2950 1734 3015 1787 in
3043 1734 3317 1803 Chiffern3

857 1824 1304 1879 Dorsalvermerk
1341 1823 1489 1879 Cifre
1525 1824 1581 1878 di
1619 1823 1935 1894 monsignor
1971 1822 2312 1894 Mignanello
2362 1822 2419 1876 di
2466 1823 2537 1877 26
2586 1830 2644 1877 et
2679 1823 2749 1878 28
2786 1823 3031 1894 d'aprile,
3070 1824 3314 1879 rieevute

791 1914 1095 2060 Θεὲἒαξῶῗ
1099 1930 1372 2057 18Ξῇῗέ
1366 2043 1383 2070 ,
1432 2002 1796 2057 ΑΙσιεπειᾱοῙεε
1829 2018 1930 2056 zur
1968 1959 2276 2055 deutschen·
2303 1999 2908 2070 Refmmationsyesch„
2945 2002 3010 2054 in
3045 2002 3312 2057 Zeitsehr.

858 2092 902 2158 f.
939 2092 1356 2162 Kirchenqesch.
1392 2092 1498 2146 111
1532 2091 1588 2146 S.
1628 2094 1738 2145 650
1748 2090 1793 2156 f.
1833 2107 1940 2145 aus
1976 2090 2238 2155 Decit'rat
2276 2091 2340 2143 in
2375 2091 2611 2158 Neapel‚
2649 2090 2749 2144 Gr.
2785 2090 3070 2145 Archivio.
3333 2092 3412 2148 15

822 2216 921 2281 Ne
967 2216 1029 2282 la
1071 2218 1495 2304 propositione
1542 2215 1834 2298 Cesarea,
1879 2215 2185 2280 mandata
2231 2216 2448 2280 inanzi
2493 2214 2557 2279 la
2603 2223 2839 2280 venuta
2891 2217 3023 2279 mia
3067 2222 3129 2280 et
3173 2213 3315 2280 ulti-

642 2332 949 2391 mamente
992 2324 1297 2390 mandata
1340 2324 1425 2389 da
1469 2346 1598 2404 me,
1645 2325 1696 2388 si
1742 2322 1922 2410 parla
1969 2321 2134 2388 della
2182 2322 2664 2404 reformatione,
2726 2320 2842 2387 6116
2894 2320 3316 2409 l'imperatore

644 2432 785 2497 dice
830 2432 1030 2497 haver
1072 2433 1181 2518 gia
1223 2432 1291 2495 in
1337 2452 1525 2495 mano
1556 2430 1626 2516 ¹).
1720 2429 2014 2495 havendo
2072 2431 2179 2516 poi
2235 2431 2552 2494 rieereato
2599 2436 2782 2494 trovo
2828 2429 2914 2494 da
2959 2427 3132 2493 buon
3176 2428 3314 2495 1060

644 2538 761 2604 6116
806 2539 868 2604 al
911 2539 1290 2625 imperatore
1336 2560 1489 2602 sono
1535 2544 1695 2601 state
1742 2536 1889 2601 date
1927 2539 2158 2623 einque
2194 2558 2230 2600 o
2280 2538 2368 2601 sei
2398 2534 2666 2600 formale
2699 2536 2763 2600 di
2794 2537 3225 2601 reformationi
3241 2535 3314 2623 ²),

643 2652 827 2731 parte
872 2645 1103 2710 dieano
1148 2643 1234 2709 da
1265 2642 1572 2709 Catholici
1619 2651 1682 2708 et
1723 2652 1903 2729 parte
1950 2643 2036 2708 da
2078 2642 2366 2724 heretici,
2414 2666 2520 2707 ma
2555 2644 2622 2706 in
2653 2642 2880 2708 aleune
2911 2642 2978 2707 di
3009 2665 3144 2708 esse
3182 2653 3408 2707 1101120

644 2753 697 2817 61
743 2751 924 2838 parla
970 2752 1035 2817 di
1079 2751 1314 2817 Nostro
1361 2750 1645 2838 Signore.
1739 2757 1803 2816 et
1847 2757 2066 2838 queste
2110 2750 2550 2815 reformationi
2597 2772 2750 2815 sono
2811 2756 2972 2815 state
3017 2750 3165 2815 date
3209 2748 3317 2815 dal

642 2861 1022 2946 imperatore
1067 2859 1153 2925 ad
1198 2858 1344 2924 altri
1386 2857 1661 2944 theologi
1704 2880 1746 2922 a
1790 2856 2037 2939 vedere,
2081 2856 2316 2944 perche
2353 2858 2421 2921 in
2455 2880 2696 2922 somma
2726 2880 2855 2943 qua
2884 2879 3010 2921 non
3044 2857 3096 2920 61
3128 2856 3315 2922 erede

645 2964 761 3031 6116
805 2965 852 3030 11
898 2964 1162 3034 coneilio
1209 2967 1261 3030 si
1307 2965 1470 3030 faeci
1515 2964 1599 3030 da
1641 2985 1825 3046 vere,
1886 2986 1922 3028 0
1982 2971 2350 3028 veramente
2407 2964 2797 3029 dimostrano
2856 2986 2983 3028 non
3032 2962 3093 3028 10
3140 2962 3317 3028 voler

645 3073 920 3140 eredere.
1014 3081 1077 3137 et
1122 3095 1250 3138 non
1297 3073 1350 3137 si
1396 3070 1772 3136 celebrando
1818 3093 1855 3135 o
1904 3068 2345 3135 celebrandosi
2395 3093 2586 3135 senza
2631 3069 2979 3157 provedere
3025 3070 3092 3134 di
3120 3071 3314 3135 resor-

644 3183 936 3261 matione,
984 3181 1070 3244 mi
1116 3203 1269 3267 pare
1317 3180 1378 3244 al
1423 3185 1716 3266 presente
1759 3177 1992 3243 vedere
2038 3178 2154 3242 che
2201 3201 2237 3242 0
2288 3176 2460 3242 dalla
2502 3179 2750 3264 potesta
2780 3176 3059 3242 seculare
3091 3179 3141 3241 si
3174 3178 3314 3242 fara
3331 3187 3410 3243 25

642 3311 771 3354 una
813 3287 1260 3353 reformatione
1306 3283 1652 3368 nationale,
1712 3307 1750 3350 o
1795 3283 1909 3349 6116
1955 3282 2002 3349 11
2049 3284 2555 3349 Lutheranesmo
2613 3283 2885 3370 pigliara
2942 3285 3091 3370 ogni
3150 3306 3313 3349 cosa.

640 3396 792 3483 pero
839 3396 926 3460 mi
972 3396 1008 3458 ὲ
1054 3416 1241 3481 pareo
1287 3392 1484 3457 darne
1527 3393 1769 3475 avvis0,
1813 3391 2110 3458 aecioehe
2158 3393 2211 3456 si
2242 3393 2418 3477 possi
2450 3390 2939 3456 effettualmente
2968 3391 3068 3455 far
3105 3389 3316 3478 quella

641 3503 1001 3589 provisione
1048 3500 1164 3567 6116
1210 3502 1437 3586 patera
1482 3521 1523 3564 a
1551 3498 1780 3564 Nostro
1813 3497 2082 3585 Signore
2127 3506 2196 3562 et
2242 3498 2361 3563 6116
2409 3497 2474 3563 la
2518 3498 2731 3564 chiesa
2775 3498 3082 3581 Romana,
3124 3499 3315 3563 eami-

641 3610 853 3674 nando
885 3631 999 3695 per
1029 3608 1277 3672 diverse
1322 3605 1532 3671 strade
1577 3607 1675 3670 ne’
1709 3605 1904 3670 seculi
1949 3607 2210 3692 passati,
2257 3603 2342 3669 ha
2391 3605 2550 3670 fatto
2596 3627 2845 3691 sempre
2877 3603 3026 3669 nelli
3065 3604 3317 3690 bisogni

641 3723 703 3782 et
746 3714 1012 3802 periculi
1057 3715 1124 3779 di
1169 3713 1553 3779 Cristianita.
3329 3723 3407 3777 30

821 3822 921 3887 La
964 3821 1138 3886 dieta
1180 3822 1247 3884 in
1294 3843 1360 3884 se
1405 3843 1490 3884 va
1533 3818 1776 3902 fredda,
1823 3842 2002 3885 come
2042 3822 2156 3906 pia
2188 3818 2358 3885 volte
2407 3818 2487 3883 ho
2533 3820 2771 3902 scritto,
2818 3841 2925 3882 rna
2955 3825 3121 3883 temo
3153 3816 3316 3883 bene

641 3929 876 3994 vadino
924 3935 1172 3993 attorno
1218 3928 1513 4013 maneggi
1556 3927 2100 4014 importantissimi
2160 3934 2222 3991 et
2278 3924 2630 4012 pericolosi.
2723 3926 3105 3990 nondimeno
3152 3931 3315 3990 tutto

642 4036 789 4124 quel
834 4034 952 4100 6116
999 4037 1050 4100 61
1096 4041 1320 4117 tratta,
1382 4036 1432 4099 si
1489 4034 1555 4098 fa
1610 4034 1755 4099 fuor
1813 4034 1880 4099 di
1938 4033 2109 4098 dieta
2172 4040 2236 4098 et
2292 4055 2332 4097 a
2376 4039 2577 4119 parte,
2624 4033 2707 4097 ne
2752 4055 2937 4119 posso
2983 4039 3316 4118 penetrare

639 4143 868 4209 aleuno
900 4141 1292 4229 particolare,
1340 4140 1514 4207 salvo
1563 4141 1677 4206 6116
1723 4141 1789 4205 (11
1834 4139 2100 4206 coneilio
2148 4148 2212 4204 et
2250 4140 2721 4222 reformatione,
2766 4140 2847 4203 116
2879 4161 3061 4222 nove,
3094 4139 3148 4202 si
3186 4161 3316 4205 non

643 4250 760 4316 6116
805 4251 1033 4315 dieano
1080 4248 1246 4314 della
1300 4255 1538 4314 venuta
1583 4247 1898 4314 d'Orliens
1943 4246 2043 4312 all'
2102 4248 2488 4334 imperatore
2533 4253 2598 4311 et
2655 4244 2797 4311 dell'
2845 4248 3227 4333 imperatore
3277 4268 3317 4309 a
3334 4256 3416 4311 35

786 4555 826 4623 1)
864 4555 953 4608 Im
987 4554 1216 4622 Auseuy
1254 4553 1352 4607 der
1387 4551 1744 4620 Proposition
1780 4552 1864 4606 bei
1908 4547 2072 4619 Wetst
2112 4551 2144 4605 l.
2187 4552 2261 4605 l..·
2296 4551 2437 4605 Item
2474 4549 2621 4621 quod
2662 4589 2675 4603 .
2697 4591 2744 4603 ..
2785 4547 2987 4603 Caesar
3024 4590 3036 4602 .
3060 4590 3071 4602 .
3093 4589 3106 4603 .
3146 4564 3314 4618 super

638 4643 894 4700 facienda
928 4641 1313 4696 reformatione
1348 4641 1629 4711 opiniones
1664 4640 1952 4695 doctorum
1979 4640 2219 4694 virorum
2259 4639 2576 4710 requisierit
2612 4645 2669 4694 et
2704 4639 2761 4692 in
2799 4637 3022 4708 seriptis
3059 4638 3318 4693 redactas

641 4733 715 4787 ab
752 4733 832 4787 eis
868 4730 1164 4801 acceperit.

783 4821 826 4890 ¹)
874 4821 993 4892 Vyl.
1030 4838 1080 4877 v.
1117 4820 1347 4887 Druffel
1381 4819 1457 4873 H
1484 4818 1537 4874 S.
1577 4824 1612 4875 5
1624 4819 1668 4885 f.
