3859 5575
1511 443 1607 497 No.
1646 444 1708 496 9:
1755 444 1890 498 1545
1925 443 2073 513 April
2114 445 2162 497 6.
3096 439 3169 500 ffi

505 639 773 724 Signore
819 659 1001 703 verso
1049 645 1269 725 questa
1314 638 1515 724 Regia
1558 638 1804 703 Maesta
1848 646 1910 702 et
1955 641 1972 702 i
2021 641 2158 704 suoi
2206 638 2383 703 Sermi
2426 637 2574 724 figli.
2667 639 2917 703 Vienna
2962 641 3012 703 si
3045 639 3166 703 for-

506 745 677 811 tifica
724 769 843 810 con
890 745 1234 831 diligentia,
1284 745 1401 810 che
1447 754 1622 811 tanto
1668 747 1755 810 mi
1788 744 1868 810 ha
1899 746 2072 811 detto
2105 747 2237 812 Sua
2268 747 2529 830 Maesta,
2576 755 2640 811 et
2684 755 2855 811 certo
2903 768 3166 810 numero

505 852 571 917 di
616 851 942 938 Spagnoli,
990 875 1147 939 poco
1195 854 1307 939 piu
1354 852 1470 917 che
1516 852 1811 936 duemila‚
1859 875 2015 918 sono
2060 854 2125 919 in
2175 854 2394 919 ordine
2440 876 2555 940 per
2599 853 2867 918 andarvi
2913 853 3167 940 quando

507 961 651 1024 sara
694 957 739 1023 il
784 967 1013 1046 tempo.

453 1077 488 1129 5
684 1064 1002 1131 Pal-lando
1048 1067 1114 1131 di
1160 1090 1369 1132 nuovo
1418 1066 1578 1132 delle
1623 1090 1767 1133 cose
1813 1066 1915 1132 del
1964 1065 2260 1150 eoncili0‚
2317 1068 2540 1133 dicevo
2588 1067 2702 1133 che
2749 1068 2880 1133 Sua
2926 1068 3174 1134 Santita

508 1173 798 1239 l'haveva
845 1173 1014 1258 dato,
1063 1183 1124 1240 et
1168 1175 1317 1240 dato
1364 1177 1429 1239 in
1474 1174 1611 1240 loco
1659 1174 1991 1239 commodo
2037 1197 2077 1239 a
2122 1173 2183 1238 la
2229 1173 2592 1258 Germania,
2638 1175 2936 1241 mandato
2983 1174 3025 1240 li
3056 1174 3173 1240 Rufi

507 1279 698 1368 legati
744 1291 807 1347 et
851 1281 994 1347 altri
1056 1281 1280 1369 prelati
1340 1283 1561 1369 degni3
1622 1284 1773 1369 pero
1820 1283 1983 1345 saria
2032 1281 2245 1346 debito
2293 1281 2409 1347 che
2455 1280 2498 1346 li
2545 1281 2856 1348 Catholici
2902 1283 2967 1348 di
3014 1282 3171 1348 Ger·

508 1389 751 1470 mania,
805 1387 850 1452 li
907 1387 1131 1474 prelati
1178 1389 1274 1454 de'
1334 1391 1511 1475 regni
1560 1389 1638 1454 de
1685 1388 1746 1453 la
1792 1388 2040 1454 Maesta
2085 1388 2358 1454 Cesarea
2415 1399 2477 1454 et
2522 1390 2652 1455 Sua
2697 1398 2760 1454 et
2804 1390 2847 1455 li
2894 1390 3036 1456 altri
3082 1391 3171 1454 fa-

510 1516 752 1560 cessero
799 1493 1036 1559 l'offitio
1082 1495 1213 1561 loro
1261 1506 1324 1561 et
1368 1498 1707 1561 andassero
1756 1495 2289 1582 personalmente,
2336 1519 2461 1560 non
2497 1518 2617 1560 con
2666 1498 3061 1561 instrumenti
3108 1497 3172 1561 di

424 1612 808 1688 10procure‚
867 1602 1098 1689 perche
1158 1612 1379 1690 questa
1437 1605 1626 1690 piaga
1685 1606 2009 1669 ricercava
2068 1604 2129 1667 la
2183 1604 2502 1689 presentia
2559 1602 2639 1668 de
2694 1603 2883 1667 buon'
2931 1601 3173 1690 prelati,

514 1731 636 1774 non
683 1709 749 1773 di
795 1708 1114 1774 substituti
1161 1733 1198 1775 o
1245 1713 1657 1797 procuratori.
1720 1712 1852 1777 Sua
1896 1711 2145 1775 Maesta
2190 1711 2356 1776 disse
2403 1709 2519 1775 che
2567 1710 2666 1775 nel
2713 1733 2907 1796 regno
2954 1710 3018 1774 di
3051 1711 3170 1775 Bo·

511 1813 719 1881 hemia
766 1815 969 1882 havea
1015 1817 1107 1882 sol
1152 1817 1278 1883 due
1325 1820 1579 1883 vescovi
1628 1816 1935 1900 catholici,
1986 1817 2386 1884 Olmuciense
2433 1827 2496 1882 et
2537 1818 3046 1898 Vratislaviense,
3093 1819 3173 1882 de

512 1923 684 2010 quali
730 1924 990 1990 l'ultimo
1024 1926 1072 2010 ¹)
1118 1948 1227 1989 era
1272 1924 1658 2012 impossibile
1714 1924 1828 1990 che
1875 1927 2121 1990 venisse
2168 1949 2207 1989 a
2253 1925 2520 2008 Trento,
2572 1924 2803 2013 perche
2849 1949 2959 1991 era
3005 1926 3173 2012 capi-

515 2040 660 2096 tano
710 2031 774 2095 di
821 2031 954 2097 Sua
999 2031 1274 2115 Maesta,
1336 2032 1399 2097 la
1447 2031 1633 2120 quale
1692 2056 1817 2098 non
1880 2056 2115 2119 sapeva
2163 2056 2201 2096 a
2249 2032 2366 2097 che
2425 2033 2586 2098 altro
2642 2033 2707 2098 di
2755 2032 2964 2120 quella
3023 2035 3176 2098 citta

427 2146 494 2199 15
513 2137 630 2201 dar
683 2137 827 2225 quel
888 2140 1257 2224 magistr-ato
1321 2140 1437 2204 che
1497 2142 1665 2205 fusse
1725 2140 1898 2205 buon
1947 2139 2290 2206 catholico,
2382 2141 2447 2203 in
2495 2141 2758 2205 Austria
2804 2139 3175 2206 similmente

514 2244 760 2309 haveva
807 2246 993 2332 pochi
1039 2245 1261 2332 prelati
1309 2255 1372 2311 et
1415 2249 1654 2332 poveri,
1703 2246 1799 2311 de'
1833 2246 2003 2334 quali
2052 2268 2177 2311 uno
2224 2269 2333 2311 era
2364 2269 2477 2313 suo
2508 2250 2862 2314 confessore
2891 2250 2972 2332 ²);
3021 2271 3173 2313 non-

511 2352 762 2417 dimeno
809 2352 925 2417 che
971 2353 1102 2419 Sua
1146 2355 1392 2419 Santita
1437 2356 1787 2419 caminasse
1833 2353 1961 2418 alla
2006 2355 2113 2418 via
2157 2352 2258 2418 del
2307 2353 2591 2437 concilio,
2638 2357 2972 2420 mandasse
3015 2354 3174 2421 delle

513 2481 778 2545 persone
823 2459 1029 2546 degne
1074 2483 1251 2526 come
1297 2462 1552 2540 faceva‚
1599 2471 1663 2527 et
1707 2464 1944 2527 facesse
1991 2461 2035 2526 li
2082 2462 2217 2526 suoi
2262 2464 2557 2527 monitori
2603 2462 2842 2549 penali,
2889 2485 3017 2527 non
3066 2463 3171 2528 ha-

513 2566 720 2631 vendo
766 2569 1025 2654 rispetto
1073 2568 1154 2632 ad
1188 2569 1371 2634 alcun
1420 2571 1705 2657 principe
1753 2569 2050 2652 secolare,
2097 2568 2331 2656 perche
2376 2569 2420 2634 il
2466 2570 2565 2635 far
2594 2572 2776 2635 venir
2806 2570 2846 2634 li
2879 2569 3101 2656 prelati
3135 2595 3175 2635 a.

423 2682 492 2734 20
512 2684 734 2760 questa
780 2684 962 2740 santa
1007 2677 1280 2762 impresa
1325 2699 1436 2741 era
1480 2678 1826 2764 principale
1873 2679 2070 2743 offitio
2118 2678 2183 2741 di
2230 2680 2361 2744 Sua
2407 2677 2654 2743 Santita
2681 2677 2749 2766 ³).
2828 2686 2891 2742 et
2936 2686 3173 2765 quanto

512 2791 942 2869 apparteneva
989 2784 1044 2847 a'
1091 2785 1272 2869 regni
1318 2783 1382 2849 di
1429 2784 1561 2851 Sua
1606 2785 1868 2870 Maesta,
1916 2786 2079 2851 faria
2125 2809 2372 2873 sempre
2419 2786 2720 2871 exeguire
2766 2794 2827 2850 et
2872 2784 3174 2852 obhedire

510 2887 805 2974 gl'ordini
851 2890 916 2954 di
963 2891 1094 2957 Sua
1137 2891 1553 2957 Beatitudine.

689 2997 1023 3063 Ancorche
1084 3000 1144 3062 io
1202 2999 1363 3064 vedo
1420 2999 1730 3065 difficulta
1803 2999 1903 3064 nel
1963 3022 2216 3065 movere
2275 3000 2501 3087 prelati
2562 3007 2625 3065 et
2684 2999 2839 3065 altre
2907 3022 3174 3085 persone

514 3107 880 3189 necessarie,
928 3105 1160 3192 perche
1205 3108 1349 3192 ogn'
1399 3130 1524 3172 uno
1572 3109 1626 3171 si
1672 3131 1854 3172 seusa
1900 3117 1965 3172 et
2009 3132 2049 3172 a.
2080 3109 2378 3173 ciascuno
2423 3109 2703 3173 incresce
2749 3106 2811 3172 la
2857 3108 3065 3191 saffica,
3113 3106 3176 3172 la

422 3219 492 3272 ⁶25
513 3234 695 3297 spesa
741 3220 804 3277 et
833 3214 1287 3279 incommodita
1311 3219 1384 3298 ⁴),
1435 3212 1604 3279 bona
1635 3223 1815 3302 parte
1846 3238 2083 3279 ancora
2122 3215 2190 3278 di
2238 3214 2441 3302 quelle
2488 3237 2753 3302 persone
2801 3213 2916 3278 che
2963 3214 3172 3279 sareb-

510 3318 677 3384 beno
727 3318 915 3384 buon'
963 3324 1234 3408 suggetti
1280 3325 1343 3386 in
1392 3322 1657 3406 Trent0,
1717 3346 1828 3387 son
1877 3323 2097 3409 poveri
2145 3331 2206 3386 et
2251 3324 2611 3409 impotenti:
2660 3323 3039 3387 nondimeno
3088 3323 3174 3385 mi

512 3429 778 3514 piaeque
822 3428 1147 3494 intendere
1190 3428 1235 3493 il
1282 3431 1758 3516 ragionamento
1804 3429 1870 3493 di
1918 3431 2050 3495 Sua
2095 3429 2359 3512 Maesta,
2405 3430 2449 3494 il
2498 3430 2685 3517 quale
2733 3453 2856 3494 non
2900 3426 3176 3515 ponebat

511 3533 737 3599 falcem
796 3536 860 3599 in
927 3558 1127 3600 messe
1188 3535 1422 3620 aliena,
1483 3560 1588 3601 ma
1650 3536 1991 3602 solamente
2037 3537 2303 3601 offeriva
2360 3538 2608 3620 l'aiut0,
2669 3535 2712 3601 il
2759 3536 2976 3601 favore
3023 3542 3085 3598 et
3129 3534 3173 3599 il

514 3639 770 3706 braccio
830 3665 942 3708 suo
1004 3645 1068 3707 in
1128 3645 1507 3731 exequtione
1566 3643 1734 3729 degli
1800 3644 2006 3709 ordini
2065 3644 2131 3708 di
2201 3643 2430 3709 Nostro
2492 3645 2789 3729 Signore,
2850 3640 3019 3729 quod
3082 3649 3176 3705 est

423 3751 760 3814 30munire
808 3749 1207 3836 disciplinam
1255 3752 1779 3833 ecclesiasticam,
1839 3773 2017 3817 come
2076 3751 2111 3815 ὲ
2160 3750 2437 3837 obligato
2484 3752 2617 3817 fare
2663 3751 2811 3836 ogni
2857 3747 3067 3814 buono
3113 3756 3177 3813 et

512 3855 821 3921 catholico
868 3858 1170 3945 principe.

658 4039 694 4106 ¹)
734 4038 1040 4093 Baithasm·
1074 4055 1122 4092 v.
1151 4038 1436 4092 Promm'tz
1463 4040 1830 4106 (15394562).
1862 4070 1927 4078 -
1967 4038 2208 4104 Bischot'
2235 4056 2344 4093 von
2376 4039 2588 4094 Olmiltz
2623 4054 2742 4091 war
2768 4037 2996 4091 Johann
3024 4036 3183 4090 XVI

511 4128 862 4199 Dubrawaky
897 4126 1088 4193 (1541-
1106 4130 1283 4194 1553).

657 4217 696 4282 9)
735 4216 996 4272 Νᾶηιὶίοή
1031 4218 1127 4272 der
1163 4217 1401 4283 Bischof
1427 4234 1531 4272 von
1577 4217 1754 4285 Wien,
1792 4217 2085 4271 Friedrich
2122 4218 2368 4271 Nausea.
2878 4280 2899 4296 ⁶

422 4301 495 4355 35
657 4306 697 4374 ⁸)
733 4304 876 4376 Dafl
924 4308 1068 4363 dicae
1113 4307 1296 4362 Worte
1344 4308 1428 4362 bei
1478 4306 1585 4360 den
1621 4307 2067 4376 Konzilsleqaten
2112 4306 2270 4361 nicht
2314 4305 2430 4370 atas
2467 4306 2735 4374 steiniyen
2770 4304 2967 4359 Boden
3002 4305 3174 4370 siden,

510 4397 649 4466 κεῖρε
684 4396 839 4450 Mon.
880 4397 1033 4451 Tria.
1071 4415 1157 4451 nr.
1197 4401 1269 4451 53
1303 4397 1430 4466 (vyl.
1468 4401 1643 4451 unten
1677 4413 1750 4449 zu
1784 4413 1871 4450 nr.
1909 4399 2015 4462 17).

652 4485 697 4552 ⁴)
735 4484 1141 4555 Eiyentssmlich
1185 4503 1305 4540 war
1349 4487 1437 4541 die
1475 4485 1724 4541 Ausa-ede
1775 4485 1867 4539 des
1918 4484 2174 4550 Bischofs
2218 4502 2327 4539 von
2365 4485 2651 4551 Gambrai,
2703 4483 2801 4537 der
2840 4484 2999 4537 einen
3039 4482 3172 4535 Pro·

513 4575 746 4629 karator
797 4574 991 4629 sancite
1044 4573 1167 4628 und
1218 4574 1336 4628 sich
1389 4593 1507 4630 vom
1561 4575 1938 4644 personlicken
1984 4574 2412 4629 Komilsbeswch
2466 4573 2865 4642 entechuldiyte
2920 4589 3045 4627 cum
3100 4569 3172 4625 ob

511 4664 714 4719 dietam
755 4663 1211 4730 vormatiensem,
1260 4664 1349 4719 cui
1388 4671 1651 4734 tanquam
1690 4663 1904 4735 imperii
1943 4664 2197 4734 princeps
2234 4665 2497 4717 interesse
2548 4663 2878 4733 cogebatur,
2928 4662 3173 4732 legitime

422 4753 494 4808 40
511 4761 816 4825 occupatus
852 4754 1199 4810 detineretur.
1283 4754 1551 4820 Theiner‚
1601 4755 1743 4809 Acta
1787 4754 2037 4824 yenuina
2075 4753 2297 4809 concilii
2337 4753 2654 4809 Tridentini
2690 4752 2730 4805 Ι
2752 4770 2811 4822 p.
2853 4755 2956 4818 24;
3004 4751 3170 4806 Arch.

519 4845 638 4901 Vat.
677 4844 829 4899 Arm.
869 4844 938 4898 62
975 4844 1077 4898 vol.
1117 4846 1182 4899 91
1222 4843 1316 4899 fol.
1353 4845 1462 4900 30·
1497 4843 1881 4913 (Massarelli).

3232 643 3369 693 1545

3205 712 3344 780 Apr.
3367 715 3403 765 6
