3859 5575
435 658 579 709 1546

385 727 517 782 Jan
547 731 625 781 20

393 1094 523 1148 Jan.
554 1098 623 1147 17

659 443 767 514 534
1594 454 1692 510 No.
1734 457 1865 511 ηπ
1905 456 2046 511 1546
2081 454 2281 511 Januar
2317 452 2403 512 20.

663 652 932 718 eredeva
991 651 1106 717 che
1161 650 1213 713 si
1273 649 1552 715 tal-deria
1609 654 1720 739 piu
1778 650 1972 717 molto
2019 676 2059 716 a
2104 651 2390 739 pigliarei
2436 652 2832 736 resolutione,
2880 654 3125 741 laquale
3184 676 3326 718 con·

664 758 1119 823 elusivarnente
1166 765 1345 822 stava
1385 760 1595 823 tutta
1577 782 1640 823 ln
1677 759 1806 824 Sua
1838 759 2100 842 Maesta,
2147 760 2357 846 doppo
2405 759 2521 824 che
2569 759 2891 825 havrebbe
2936 761 3136 825 inteso
3182 760 3326 847 quel

666 865 781 931 che
827 865 974 930 hine
1020 865 1166 930 inde
1214 865 1268 930 ci
1319 887 1428 929 era
1474 866 1539 930 di
1586 864 1799 930 buono
1831 871 1895 930 et
1924 866 1990 930 di
2022 868 2256 931 cattivo
2293 907 2393 950 —‚
2441 890 2630 932 senza
2674 866 2954 933 laseiarsi
3001 866 3329 932 intendere

664 972 1035 1038 altr-amente
1083 971 1290 1060 quello
1337 972 1453 1037 che
1498 972 1624 1059 egli
1672 973 1957 1038 eredesse
2003 973 2119 1038 che
2164 973 2330 1038 fusse
2378 997 2492 1060 per
2538 975 2876 1040 succedere
2906 978 2969 1057 ¹).

840 1079 894 1143 Il
964 1080 1306 1145 medesimo
1366 1081 1420 1145 ci
1484 1080 1730 1144 affirmo
1788 1079 1948 1144 hieri
2006 1079 2049 1144 il
2108 1080 2306 1167 padre
2365 1083 2716 1146 confessore
2743 1081 2827 1169 ²),
2897 1081 3032 1146 eioe
3102 1079 3218 1145 che
3277 1082 3328 1144 si
3383 1093 3419 1145 5

660 1196 843 1253 stava
900 1189 965 1252 in
1028 1189 1329 1253 continua
1388 1189 1768 1273 cogitatione
1815 1187 1877 1251 di
1925 1196 2147 1274 questo
2193 1190 2477 1274 negotio,
2540 1197 2601 1252 et
2662 1187 2779 1253 che
2839 1211 2965 1253 non
3026 1211 3133 1254 era
3194 1210 3328 1252 nes·

660 1318 819 1360 suno
867 1295 932 1359 di
978 1295 1111 1360 loro
1158 1294 1275 1359 ebe
1321 1317 1446 1359 non
1495 1294 1554 1359 lo
1598 1296 1955 1382 giudieasse
2013 1319 2140 1360 non
2207 1295 2338 1360 solo
2386 1295 2727 1360 christiano
2785 1305 2847 1361 et
2904 1296 3109 1382 degne
3166 1294 3329 1361 dello

659 1404 871 1467 animo
940 1402 1004 1466 di
1069 1403 1201 1467 Sua
1260 1402 1506 1467 Maesta
1561 1425 1746 1467 verso
1794 1402 1919 1467 Dio
1978 1410 2042 1467 et
2100 1401 2163 1466 la
2221 1402 2555 1489 religione,
2625 1426 2731 1467 ma
2800 1405 3150 1467 necessario
3219 1425 3332 1490 per

660 1506 998 1574 l'interesse
1045 1508 1108 1573 di
1157 1516 1316 1575 tutte
1361 1509 1421 1574 le
1466 1532 1610 1575 cose
1657 1533 1767 1575 sue
1813 1511 2081 1597 private,
2128 1517 2192 1575 et
2236 1510 2784 1597 particolarmente
2830 1533 2943 1596 per
2988 1509 3216 1575 levarsi
3248 1510 3330 1573 da

660 1617 862 1701 questi
910 1618 1108 1702 paesi,
1155 1639 1235 1680 ne
1281 1617 1450 1704 quali
1499 1618 1549 1680 si
1596 1618 1868 1682 ruinava
1913 1623 1979 1681 et
2023 1615 2186 1683 della
2233 1619 2437 1681 sanita
2491 1625 2555 1682 et
2608 1616 2774 1682 della
2830 1618 3224 1703 reputatione
3268 1626 3331 1681 et
3356 1630 3423 1682 10

658 1729 890 1808 poteva
935 1722 1070 1787 dire
1118 1724 1180 1788 di
1230 1731 1362 1789 star
1407 1725 1766 1810 priggione‚
1813 1724 2045 1811 perche
2093 1748 2160 1791 se
2204 1723 2362 1790 hora
2408 1725 2685 1811 perdeva
2733 1733 2952 1813 questa
3007 1726 3333 1789 occasione

659 1829 723 1893 di
773 1831 1010 1916 passar'
1035 1854 1075 1895 a
1121 1829 1469 1896 Ratisbona
1514 1855 1630 1918 per
1674 1855 1822 1897 cosa
1870 1832 2036 1896 della
2080 1832 2251 1897 dieta
2282 1841 2345 1897 et
2375 1834 2580 1897 uscire
2612 1832 2674 1896 di
2710 1854 2855 1919 qua,
2905 1831 3332 1896 difficilmente

657 1936 718 2001 lo
765 1935 1073 2023 potrebbe
1121 1938 1218 2002 far
1264 1939 1400 2024 poi,
1448 1939 1702 2026 quando
1749 1939 2023 2023 volesse‚
2070 1939 2303 2027 perche
2364 1963 2487 2004 non
2536 1962 2645 2004 era
2690 1937 2932 2003 dubbio
2980 1938 3094 2005 che
3141 1939 3327 2003 Lute-

657 2067 826 2127 ram,
887 2053 1125 2131 quanto
1185 2047 1298 2131 piu
1361 2046 1701 2112 vederiano
1764 2046 2040 2133 cagliare
2100 2048 2232 2112 Sua
2278 2047 2523 2112 Maesth
2582 2054 2644 2111 et
2703 2054 2900 2110 teme1
2947 2046 3010 2110 di
3057 2046 3218 2125 lor‚o
3278 2046 3331 2109 si

656 2151 903 2216 fariano
959 2154 1233 2218 tuttavia
1289 2155 1402 2239 piu
1461 2153 1782 2237 insolenti,
1841 2162 1904 2220 et
1963 2156 2028 2218 in
2090 2153 2462 2242 particolare
2524 2153 2884 2239 langravio,
2945 2151 3132 2240 quale
3179 2154 3419 2217 horalf)

657 2257 923 2343 parlava
968 2259 1034 2323 di
1079 2261 1256 2327 voler
1315 2261 1518 2327 anche
1579 2283 1715 2327 esso
1777 2262 1875 2325 far
1935 2263 2041 2326 un'
2090 2262 2307 2326 ordine
2355 2283 2532 2327 corne
2579 2269 2799 2347 questo
2847 2260 2950 2324 del
2996 2260 3246 2325 Tosone
3291 2283 3332 2324 a

659 2369 1102 2433 concurrentia
1160 2368 1225 2433 di
1274 2369 1404 2434 Sua
1449 2370 1727 2451 Maesta,
1785 2371 1852 2433 in
1910 2369 2100 2434 modo
2164 2368 2278 2433 che
2340 2368 2382 2432 il
2438 2391 2624 2454 passo
2680 2367 2721 2431 li
2770 2366 3037 2432 sal-ebbe
3084 2390 3330 2454 sempre

657 2475 768 2560 piu
816 2475 1185 2561 periculose,
1233 2484 1297 2541 et
1342 2499 1454 2564 per
1501 2477 1777 2542 Francia
1823 2475 1946 2541 ben
1995 2478 2046 2540 si
2078 2499 2315 2564 sapeva
2360 2475 2475 2540 ebe
2525 2498 2647 2539 non
2701 2474 3023 2538 accadeva
3070 2497 3330 2561 pensar:

658 2581 820 2646 onde
868 2582 1175 2648 conclude
1222 2583 1354 2648 Sua
1399 2584 1724 2649 Paternitzl
1769 2583 1885 2648 che
1932 2607 2046 2670 per
2085 2606 2260 2648 mera
2290 2592 2353 2648 et
2383 2606 2542 2669 pura
2573 2582 2885 2646 necessita
2917 2581 3047 2646 Sua
3080 2581 3333 2645 Maesti).

658 2689 693 2751 e
740 2689 982 2754 forzata
1026 2693 1315 2756 mettersi
1364 2715 1403 2756 a
1448 2699 1667 2778 questo
1715 2691 1900 2756 risieo
1948 2699 2007 2755 et
2055 2714 2179 2755 non
2230 2691 2604 2756 contentarsi
2655 2688 2854 2753 anche
2902 2688 2963 2752 di
3026 2687 3425 2752 mandarem

658 2819 786 2861 uno
832 2798 898 2862 in
947 2821 1060 2862 suo
1107 2800 1245 2866 loeo
1292 2801 1416 2866 alla
1480 2800 1652 2864 dieta
1706 2807 1767 2863 et
1832 2799 1930 2863 far
1993 2798 2309 2886 l'irnpresa
2368 2821 2482 2885 per
2540 2820 2755 2862 mezzo
2815 2796 2880 2860 di
2940 2796 3079 2861 altri
3140 2804 3206 2860 et
3249 2794 3328 2860 lei

659 2904 912 2968 restarsi
959 2904 1023 2969 di
1071 2930 1230 2994 qua,
1293 2930 1470 2972 corne
1517 2906 1781 2995 qualche
1840 2930 1970 2972 uno
2032 2907 2198 2970 saria
2243 2912 2403 2971 stato
2449 2905 2512 2969 di
2560 2926 2775 2991 parer,
2832 2926 2945 2990 per
2990 2903 3238 2989 fuggire
3283 2901 3327 2965 il

659 3011 939 3095 periculo
985 3022 1272 3098 presente
1295 3015 1350 3102 ⁸)
1411 3015 1477 3078 di
1537 3022 1758 3102 questa
1815 3014 2086 3097 enudata,
2147 3013 2380 3100 perche
2428 3035 2549 3077 non
2600 3010 2866 3076 sarebbe
2913 3012 3331 3075 conveniente

660 3116 778 3182 che
825 3117 945 3182 ella
992 3121 1335 3186 rimanesse
1382 3124 1490 3209 qui
1538 3120 1672 3186 sola
1717 3123 1779 3186 in
1830 3144 2042 3186 mezzo
2088 3121 2155 3185 di
2204 3121 2477 3186 Francia
2523 3128 2584 3184 et
2630 3119 2693 3183 di
2743 3118 3090 3183 Germania
3134 3140 3173 3181 a
3205 3116 3327 3181 dis-

661 3226 939 3290 cretione
970 3226 1034 3290 di
1068 3250 1196 3292 una
1227 3236 1394 3292 rotta
1425 3227 1540 3293 che
1571 3236 1888 3315 potessero
1919 3228 2120 3293 haver
2149 3228 2193 3292 li
2226 3229 2452 3310 nostri3
2499 3224 2731 3313 perche
2760 3224 3027 3289 sarebbe
3067 3223 3333 3288 l'ultima
3351 3236 3425 3288 25

659 3354 776 3395 sua
822 3333 1023 3399 ruina.
1115 3333 1159 3398 il
1207 3334 1322 3401 che
1369 3358 1494 3400 non
1540 3333 2019 3400 interverrebbe
2065 3357 2131 3400 se
2177 3336 2230 3399 si
2276 3336 2535 3399 trovara
2574 3333 2736 3397 fuori
2783 3333 2847 3396 di
2894 3354 3038 3420 qua,
3094 3329 3331 3417 perche

803 3511 848 3560 a)
875 3512 929 3552 So
957 3512 1058 3553 uird
1081 3525 1135 3552 zu
1164 3513 1270 3554 loson
1298 3515 1386 3554 sein
1415 3514 1519 3554 stati
1544 3513 1616 3553 der
1644 3513 1876 3565 Ausldmmy
1904 3514 2092 3554 essendo
2123 3514 2276 3554 axente
2307 3515 2351 3552 in
2381 3511 2519 3554 Nunz.
2551 3511 2595 3551 di
2625 3511 2762 3551 Germ.
2794 3513 2846 3552 (20
2876 3510 3078 3558 (essendo
3106 3511 3163 3550 ist
3187 3509 3325 3558 ὣζιιίε).

807 3603 844 3670 ¹)
882 3601 1042 3657 Laut
1077 3620 1161 3657 nr.
1193 3608 1292 3657 118
1325 3602 1542 3668 funden
1578 3604 1641 3657 in
1669 3603 1852 3658 diesen
1885 3604 2070 3671 Tayen
2096 3602 2343 3671 wichtiqee
2369 3602 2730 3670 Ber-atamen
2759 3601 2856 3654 der
2883 3600 3152 3652 Minister
3176 3605 3329 3666 statt,

660 3691 824 3745 deren
845 3692 1118 3761 Eryebnis
1135 3711 1268 3747 man
1286 3711 1378 3747 am
1401 3697 1479 3747 19.
1501 3693 1620 3746 dem
1638 3692 1844 3746 Kaiaer
1861 3692 2112 3760 vorleyte.
2162 3690 2282 3744 Der
2308 3690 2712 3757 florentinische
2736 3688 3016 3744 Gesandee
3035 3687 3331 3742 Βεντίδιον-ί

658 3782 834 3849 (nicht
863 3782 960 3835 der
988 3783 1244 3836 Sekremr
1276 3781 1539 3849 Cone-im)
1569 3781 1853 3836 verbreitet
1883 3781 2000 3834 sich
2026 3781 2091 3833 in
2117 3781 2268 3833 einer
2295 3779 2568 3848 Depesche
2605 3795 2723 3832 vom
2752 3782 2831 3832 14.
2860 3778 2930 3843 (v.
2962 3775 3191 3841 Druffel
3220 3776 3329 3844 IV,
3349 3779 3427 3832 30

657 3888 744 3924 nr.
773 3873 872 3938 20)
909 3872 1039 3925 iiber
1077 3872 1169 3925 die
1196 3873 1585 3942 Stro'munqen,
1623 3871 1714 3924 die
1752 3870 1858 3924 den
1885 3869 2020 3934 Hos
2047 3871 2325 3938 beweyten.
2400 3868 2483 3923 Es
2519 3884 2704 3922 waren
2740 3866 3164 3935 hauptscichlieh
3198 3867 3332 3921 zwet'

657 3957 1015 4028 Richtunyen
1050 3962 1243 4015 welche
1278 3960 1547 4015 einander
1593 3958 2051 4030 entyepenliefen:
2102 3959 2215 4024 auf
2253 3958 2353 4012 der
2401 3959 2561 4010 einen
2598 3957 2743 4011 Seite
2793 3961 3005 4010 vertrat
3056 3972 3189 4008 man
3240 3954 3332 4008 die

660 4048 1050 4118 Bekc'impfuny
1090 4049 1187 4101 der
1216 4049 1412 4102 Ketzer
1446 4050 1548 4103 mit
1586 4049 1747 4114 Hilfe
1785 4048 1876 4103 des
1895 4048 2151 4118 Papae-95
2188 4048 2301 4113 auf
2331 4046 2429 4100 cler
2457 4046 2705 4100 andern.-
2742 4045 3005 4098 Bandnis
3040 4045 3140 4097 mit
3169 4044 3331 4113 Eny-

660 4138 831 4203 land;
866 4137 1151 4202 friedliche
1188 4137 1442 4204 Abkemst
1477 4139 1577 4192 mit
1616 4138 1724 4192 den
1760 4137 2062 4191 deutschen
2100 4137 2340 4190 Fursten
2378 4135 2492 4201 auf
2521 4135 2724 4190 Grund
2772 4152 2877 4188 ron
2913 4134 3208 4199 Reformen
3253 4134 3333 4187 im

657 4226 1078 4280 Kirchenwesen
1116 4226 1238 4279 und
1270 4243 1438 4296 yeqen
1479 4226 1808 4295 unbeda'nyte
1845 4225 2259 4293 Anerkennuny
2288 4224 2385 4278 der
2410 4223 2670 4278 Obmacht
2698 4223 2793 4277 des
2820 4222 3084 4286 Kaiser35
3130 4221 3327 4275 Unter·
3351 4224 3424 4277 35

657 4314 906 4384 werfuny
945 4316 1181 4370 Italicus
1217 4315 1339 4369 und
1385 4316 1483 4370 der
1519 4316 1726 4369 Kirche
1762 4320 1927 4369 anter
1976 4314 2082 4367 den
2119 4309 2366 4383 Einsluss
2417 4312 2510 4367 des
2546 4312 2906 4377 Ndmlichem
2949 4311 3333 4380 Bezwinyunq

659 4404 1050 4459 Frankreiehs.
1126 4404 1246 4458 Der
1295 4404 1502 4458 Kae'ser
1546 4406 1648 4468 ist,
1699 4405 1844 4457 nach
1890 4404 2183 4457 Serv-istori
2193 4443 2209 4471 ,
2258 4403 2398 4457 noch
2445 4401 2556 4467 frei
2604 4401 2668 4454 in
2704 4401 2805 4455 der
2849 4400 3015 4454 Wahl
3060 4399 3335 4453 zwischen

659 4492 848 4546 diesen
885 4493 1080 4547 beiden
1124 4493 1358 4563 Weyen5
1396 4510 1451 4548 es
1485 4493 1698 4548 scheine
1734 4492 1968 4559 freilieh,
2006 4493 2090 4547 aZs
2138 4492 2203 4547 ob
2242 4508 2302 4545 er
2351 4491 2469 4545 dem
2518 4491 2741 4544 zweiten
2786 4490 2934 4544 mehr
2976 4489 3194 4558 yeneiqt
3230 4489 3331 4543 sei.

660 4580 925 4652 Daqeqen
961 4583 1223 4636 vermerkt
1260 4583 1553 4637 Smistori
1590 4599 1680 4635 am
1717 4587 1816 4649 19„
1855 4577 1979 4651 defi
2022 4587 2187 4635 anter
2225 4581 2323 4634 der
2358 4580 2730 4647 Einwirkuny
2766 4578 2925 4632 Setos
2960 4576 3081 4630 und
3117 4577 3335 4644 εὐήρε’·

660 4671 904 4725 anderen
952 4673 1154 4738 (Albcu
1203 4689 1242 4727 s.
1283 4690 1345 4726 w.
1384 4673 1466 4739 u.)
1503 4672 1653 4725 Karl
1686 4671 1805 4725 sich
1840 4671 1939 4736 seir
1976 4670 2068 4724 die
2095 4670 2332 4739 impresa
2365 4685 2437 4722 zu
2473 4673 2775 4722 emetirmen
2811 4668 3053 4735 beqinne.
3352 4670 3432 4724 40

802 4761 842 4828 ²)
893 4760 1010 4816 Von
1038 4764 1237 4831 lanyen
1268 4759 1647 4824 Konserenzen
1684 4760 1782 4813 der
1809 4760 2068 4814 Nuntien
2094 4759 2215 4812 und
2246 4758 2585 4825 Marqm'nas
2611 4756 2706 4809 mit
2735 4755 2863 4809 Soto
2891 4755 3099 4824 sfflicht
3130 4754 3330 4808 Nava-

656 4866 785 4922 9ero
821 4868 911 4903 am
949 4855 1060 4905 19..·
1099 4850 1363 4905 Gachard
1393 4867 1452 4919 p.
1493 4853 1615 4904 122.
