3859 5575
1450 486 1546 539 No.
1592 487 1721 539 118:
1765 485 1899 538 1516
1936 486 2136 537 Januar
2173 486 2257 538 20.
3075 479 3175 540 541

516 684 632 749 che
679 684 737 749 le
784 706 927 749 cose
974 685 1026 747 si
1073 682 1307 748 vadino
1352 681 1800 746 incaminando
1849 679 2025 745 bene.
2118 680 2373 767 piaccia
2416 703 2454 745 a
2503 679 2626 745 Dio
2673 680 2789 745 che
2835 678 2892 744 le
2939 681 2990 743 si
3037 703 3180 744 con·

517 790 791 856 duchino
824 789 885 855 al
916 790 1257 855 disiderato
1303 788 1446 871 fine,
1493 788 1724 876 perche
1771 787 1855 853 da
1901 789 2005 852 un'
2054 787 2264 852 effetto
2310 785 2434 851 tale
2480 794 2641 853 tutte
2688 785 2886 852 l'altre
2932 809 3074 851 cose
3120 796 3184 850 et

519 896 772 987 publice
818 904 881 963 et
910 899 1157 985 private
1200 895 1507 962 havriano
1554 897 1734 984 quasi
1781 895 1846 959 di
1886 896 2192 960 necessita
2235 917 2276 959 a
2319 893 2547 981 pigliar
2591 893 2758 959 bona
2789 892 3180 976 resolutione,

517 1013 581 1071 et
626 1004 1059 1093 spetialmente
1114 1002 1323 1091 quella
1367 1003 1468 1068 del
1530 1003 1795 1068 concilio
1828 1001 1912 1091 ¹),
1972 1005 2035 1067 la
2093 1001 2277 1090 quale
2321 1000 2661 1066 altrimenti
2720 1024 2759 1066 a
2817 1000 3041 1066 iuditio
3102 1000 3181 1066 de

464 1126 499 1179 5
519 1111 695 1178 molti
760 1115 906 1179 sara
974 1112 1040 1176 di
1101 1134 1261 1198 poco
1320 1109 1481 1176 altro
1543 1112 1736 1176 frutto
1791 1109 1908 1175 che
1970 1110 2035 1174 di
2093 1108 2322 1174 havere
2380 1108 2715 1174 iustificata
2762 1108 2893 1174 Sua
2937 1108 3183 1174 Santita

517 1242 816 1307 appresso
865 1218 991 1283 Dio
1038 1224 1100 1283 et
1145 1217 1189 1283 il
1233 1218 1495 1283 mondo!
1588 1226 1652 1284 et
1706 1217 1935 1305 perche
1992 1218 2077 1283 da
2136 1226 2359 1305 questa
2418 1217 2792 1283 resolutione
2849 1224 3031 1282 santa
3077 1215 3179 1281 de-

517 1327 724 1415 pende
770 1326 832 1391 la
878 1334 1160 1392 certezza
1206 1326 1271 1391 di
1317 1333 1478 1391 tutte
1524 1325 1720 1391 l'altre
1768 1347 1910 1391 cose
1957 1323 2059 1391 del
2106 1325 2364 1408 mondo,
2411 1325 2642 1412 perche
2690 1346 2867 1390 come
2915 1324 2967 1387 si
3013 1325 3184 1388 stara

518 1434 731 1500 chiaro
777 1434 841 1498 di
891 1432 1117 1520 quella,
1165 1435 1230 1497 in
1277 1440 1438 1499 tutte
1467 1433 1668 1499 l’altre
1712 1435 1765 1497 si
1811 1433 2011 1499 vedrb.
2049 1431 2217 1498 lume
2263 1456 2303 1498 a
2349 1432 2670 1516 bastanza,
2716 1455 2843 1497 non
2891 1433 2926 1495 e
2972 1453 3181 1496 neces-

517 1543 681 1607 sario
729 1564 794 1607 se
839 1563 962 1606 non
1011 1542 1239 1606 mirare
1287 1542 1353 1605 in
1399 1548 1620 1628 questo
1666 1540 1808 1623 fine,
1855 1539 1900 1604 il
1947 1539 2132 1628 quale
2176 1540 2407 1628 perche
2448 1541 3010 1606 necessariamente
3054 1560 3180 1603 non

432 1668 499 1721 ιο
518 1651 570 1715 si
616 1651 742 1737 pub
788 1670 1127 1736 prorogare
1173 1649 1286 1735 pin
1332 1648 1447 1713 che
1498 1659 1578 1714 10
1625 1671 1662 1713 o
1715 1659 1794 1714 12
1842 1650 2048 1733 giorni
2095 1647 2157 1712 al
2202 1649 2334 1735 pin,
2382 1655 2445 1712 et
2489 1649 2550 1713 io
2597 1670 2676 1713 ne
2720 1646 2803 1712 ho
2851 1646 2935 1710 da
2979 1668 3181 1711 essere

518 1756 562 1821 il
594 1764 931 1844 portatore,
972 1779 1039 1821 se
1071 1778 1195 1820 non
1227 1756 1314 1820 mi
1345 1757 1624 1842 inganno
1671 1763 1734 1821 ct
1778 1777 1843 1820 se
1889 1779 1930 1820 a
1962 1755 2088 1821 Dio
2133 1757 2404 1843 piacera,
2450 1773 2574 1820 non
2608 1754 2843 1820 accade
2875 1754 2987 1818 far’
3022 1752 3181 1818 altro

518 1862 635 1929 chc
680 1862 894 1929 haver'
941 1862 1226 1929 anchora
1271 1872 1492 1951 questa
1536 1886 1698 1950 poca
1743 1865 2092 1950 pacientia,
2155 1870 2218 1928 et
2274 1862 2591 1927 advertire
2650 1885 2838 1949 sopra
2897 1869 3057 1927 tutto
3116 1854 3182 1926 di

519 1994 646 2036 non
694 1994 770 2036 ne
815 1971 948 2035 fare
994 1969 1224 2035 alcuna
1255 1970 1739 2036 demostratione
1770 1972 1991 2035 avanti
2036 1969 2081 2035 il
2126 1977 2355 2056 tempo,
2404 1971 2456 2033 sl
2489 1967 2722 2056 perche
2769 1971 2804 2033 e
2845 1968 2967 2034 ben
3014 1992 3182 2034 esser

519 2079 728 2164 prima
772 2077 987 2143 chiaro
1036 2076 1202 2142 della
1235 2098 1402 2162 cosa,
1450 2100 1628 2143 come
1673 2100 1787 2164 per
1831 2077 1876 2142 il
1921 2079 2181 2164 rispetto
2216 2076 2331 2141 che
2377 2076 2434 2141 le
2474 2078 2679 2141 scrissi
2728 2100 2840 2163 per
2885 2075 3083 2141 l’altre
3111 2080 3179 2159 ²).

430 2203 499 2256 15
696 2184 936 2265 Questo
982 2184 1112 2249 solo
1159 2208 1286 2251 non
1333 2185 1390 2250 le
1437 2187 1647 2250 tacero
1693 2184 1809 2250 che
1856 2186 1921 2250 di
1968 2183 2174 2273 quello
2221 2184 2336 2250 che
2383 2184 2727 2250 succedera
2771 2184 2837 2248 di
2883 2182 3072 2267 bene,
3120 2183 3183 2248 la

517 2314 693 2358 mera
751 2298 814 2356 et
871 2315 1036 2379 pura
1090 2294 1397 2358 necessita
1441 2315 1521 2358 ne
1568 2294 1712 2357 sara
1757 2294 2048 2378 cagione,
2096 2291 2328 2379 perche
2376 2293 2426 2356 si
2485 2291 2520 2356 ὸ
2578 2293 2741 2356 visto
2800 2300 2863 2355 et
2922 2293 2972 2355 si
3022 2290 3182 2356 vede

517 2400 1061 2464 manifestamente
1107 2398 1223 2465 che
1269 2400 1498 2465 l'homo
1545 2402 1596 2465 si
1643 2401 1679 2464 e
1725 2399 1984 2465 lasciato
2031 2401 2279 2466 ridurre
2323 2399 2430 2463 fin’
2477 2398 2578 2463 all'
2626 2407 2946 2481 extrem03
3009 2406 3072 2463 et
3116 2420 3181 2462 se

519 2508 572 2571 si
618 2515 863 2594 potesse
909 2508 1006 2572 far
1052 2507 1116 2571 di
1163 2529 1388 2573 manco
1436 2517 1497 2572 et
1542 2509 1594 2572 si
1640 2514 1924 2574 trovasse
1955 2509 2020 2572 in
2068 2507 2227 2572 altro
2274 2506 2411 2571 loco
2457 2508 2569 2593 pia
2610 2515 2830 2593 aperto
2877 2515 2940 2570 et
2986 2505 3181 2570 libero

519 2613 634 2679 che
682 2637 807 2678 non
856 2615 891 2676 ὸ
938 2624 1178 2699 quest0,
1226 2616 1277 2678 si
1326 2614 1705 2700 comprende
1752 2614 1866 2679 che
1913 2616 1965 2678 si
1998 2617 2163 2679 saria
2209 2615 2481 2679 differito
2528 2613 2571 2678 il
2617 2615 2888 2699 negotiO,
2948 2613 3180 2700 perche

428 2739 500 2792 20
517 2723 582 2785 in
632 2722 841 2786 effetto
889 2744 1002 2786 son
1048 2721 1274 2786 infiniti
1322 2721 1364 2786 li
1410 2722 1748 2787 consultori
1796 2724 1861 2787 in
1907 2724 2252 2808 contrario,
2310 2721 2609 2787 talmente
2657 2722 2769 2786 che
2815 2724 2874 2814 io
2923 2744 3047 2785 non
3094 2723 3182 2784 mi

517 2851 701 2915 posso
749 2829 1028 2894 anchora
1070 2829 1251 2894 finire
1297 2830 1377 2894 de
1422 2829 1723 2896 risolvere
1769 2853 1835 2896 se
1879 2829 2133 2896 l'effetto
2180 2832 2460 2916 seguira,
2517 2831 2704 2894 etiam
2769 2827 2885 2895 che
2943 2831 2994 2893 si
3041 2851 3184 2894 esca

518 2935 584 2999 di
630 2959 774 3022 qua,
821 2959 935 3022 per
978 2935 1037 2999 le
1082 2959 1271 3001 cause
1318 2936 1433 3001 che
1478 2939 1583 3024 poi
1613 2961 1652 3002 a
1683 2937 1883 3003 bocca
1928 2939 1980 3002 si
2027 2947 2338 3024 potranno
2384 2937 2640 3001 referire
2681 2939 2792 3024 pin
2825 2936 3180 3001 commoda·

518 3051 725 3107 mente
753 3041 827 3131 ⁸).

696 3149 818 3214 Del
865 3152 1117 3236 viaggio
1151 3149 1265 3215 che
1297 3149 1426 3216 Sua
1458 3150 1704 3216 Maesta
1749 3152 1888 3217 fara
1932 3152 2230 3218 andando
2262 3175 2301 3216 a
2333 3150 2699 3233 Ratisbona,
2748 3176 2861 3239 per
2907 3151 3185 3216 anchora

429 3271 498 3324 25
520 3280 644 3321 non
691 3258 744 3322 si
790 3281 862 3321 sa
908 3257 1066 3322 altro
1115 3258 1176 3321 di
1227 3264 1396 3323 certo
1444 3281 1510 3322 se
1556 3281 1683 3324 non
1731 3259 1847 3324 che
1894 3260 1947 3324 si
1993 3259 2133 3324 dice
2180 3258 2296 3325 che
2340 3260 2480 3323 sara
2535 3258 2595 3323 la
2654 3261 2761 3323 via
2804 3260 2872 3324 di
2920 3259 3181 3324 Lucem·

521 3364 723 3450 burgo
769 3374 834 3430 et
876 3363 1077 3428 andra
1122 3388 1162 3429 a
1207 3366 1467 3431 riuscire
1514 3389 1554 3430 a
1598 3365 1801 3452 Spira.

695 3472 912 3558 Hoggi
958 3471 1039 3536 ho
1087 3474 1250 3537 visto
1284 3495 1412 3538 una
1441 3472 1664 3539 lettera
1707 3473 1811 3538 del
1842 3473 2177 3560 Groppero
2224 3474 2291 3539 di
2321 3475 2585 3540 Colonia
2617 3476 2778 3538 assai
2811 3474 3034 3557 fresca,
3067 3473 3182 3538 che

519 3581 659 3645 dice
701 3579 818 3644 che
842 3579 1173 3665 langravio
1206 3582 1475 3646 tuttavia
1508 3581 1762 3645 attende
1793 3604 1833 3645 a
1863 3580 2221 3647 descrivere
2253 3591 2315 3647 et
2347 3589 2684 3647 trattenere
2715 3583 2888 3667 genti
2919 3589 2981 3645 et
3013 3582 3180 3667 capi-

519 3689 669 3771 tani,
701 3695 764 3753 et
795 3689 845 3752 si
879 3688 942 3752 fa
966 3685 1284 3752 chiamare
1325 3687 1658 3774 langravio
1690 3690 1947 3775 capitan
1978 3689 2271 3775 generale
2302 3689 2367 3753 di
2402 3687 2749 3755 Germania
2780 3712 2819 3753 a
2848 3688 3182 3754 defendere

431 3809 501 3862 30
519 3794 583 3859 la
604 3794 834 3860 liberta
856 3795 1221 3882 evangelica
1243 3803 1379 3878 etc.,
1403 3803 1467 3860 et
1490 3798 1539 3860 si
1564 3796 1631 3859 fa
1653 3795 1854 3862 anche
1878 3795 2165 3861 chiamar
2186 3798 2565 3883 imperatore
2589 3805 2750 3862 sotto
2774 3804 3043 3882 pretesto
3069 3795 3183 3860 che

516 3905 894 3990 imperatore
928 3902 1139 3989 voglia
1168 3903 1304 3968 dire
1345 3904 1653 3989 capitano.
1732 3911 1793 3967 et
1823 3903 2057 3991 perche
2095 3902 2275 3990 parla
2306 3905 2974 3990 scopertissimamente
3017 3902 3183 3968 della

625 4025 682 4030 -φ-
695 4025 816 4031 -.—-..--
917 4025 1042 4032 —7--.

516 4082 807 4139 tractando
844 4082 1000 4137 desto
1036 4084 1092 4137 in
1141 4084 1455 4154 presencia,
1509 4083 1554 4137 si
1594 4081 1669 4138 Su
1708 4082 2043 4137 Paternidad
2093 4100 2164 4137 no
2214 4100 2298 4137 me
2337 4084 2519 4138 oviera
2567 4081 2628 4156 [P]
2680 4082 2921 4153 ynbiado
2966 4099 3001 4135 a
3036 4081 3183 4136 dezir

518 4190 641 4243 que,
679 4174 727 4227 si
765 4189 823 4226 se
859 4173 1067 4228 hallase
1103 4172 1485 4244 desoccupado
1524 4177 1756 4227 matiana
1793 4173 2031 4243 despues
2066 4172 2133 4227 de
2172 4190 2368 4242 comer,
2407 4191 2493 4228 me
2529 4174 2765 4228 avisaria
2802 4189 3047 4244 par-aquo
3084 4189 3182 4225 nos

518 4263 810 4317 vichemos.
848 4280 885 4331 y
923 4280 1028 4333 por
1063 4270 1182 4317 esto
1219 4264 1410 4333 pienso
1437 4270 1555 4317 star
1591 4263 1719 4317 todo
1757 4262 1806 4317 el
1843 4263 1937 4317 dia
1972 4279 2039 4316 en
2078 4264 2151 4317 mi
2180 4263 2417 4334 possada
2452 4282 2490 4333 y
2527 4262 2747 4335 quando
2778 4279 2862 4315 me
2899 4278 3006 4331 aya
3042 4262 3183 4315 visto

429 4351 499 4404 35
523 4368 624 4406 con
664 4352 756 4407 Su.
795 4352 1148 4420 Paternidad‚
1184 4368 1479 4423 procurare
1516 4352 1584 4406 de
1621 4368 1714 4406 ver
1750 4368 1784 4405 a
1822 4351 1888 4407 V.
1928 4351 1983 4406 S.

665 4440 703 4508 ¹)
740 4440 820 4495 Le
870 4457 997 4495 cose
1046 4440 1132 4495 del
1185 4441 1418 4496 concilio
1463 4447 1660 4495 stanno
1711 4441 1766 4495 in
1824 4440 1992 4496 molto
2041 4440 2292 4512 maggior
2340 4441 2557 4496 silentio
2604 4442 2707 4496 che
2756 4441 2976 4513 quando
3026 4446 3184 4494 stava

517 4536 742 4599 serrato,
781 4535 838 4584 et
874 4530 928 4584 la
965 4547 1135 4585 causa
1170 4530 1333 4585 credo
1360 4530 1596 4601 procede
1632 4546 1732 4601 per
1769 4547 1874 4584 non
1913 4531 2130 4586 irritare
2167 4531 2205 4584 li
2243 4531 2410 4586 animi
2448 4532 2517 4586 de
2556 4530 2835 4585 Laterani.
2908 4530 2982 4586 So
3019 4529 3180 4584 Dan·

517 4619 652 4674 dimo
688 4636 765 4673 an
803 4618 1052 4674 C'eroini:
1089 4637 1135 4674 v.
1175 4619 1402 4688 Druffel
1435 4619 1537 4688 IV,
1573 4636 1660 4674 nr.
1697 4624 1809 4688 22,·
1844 4621 1947 4690 vyl.
1978 4620 2070 4675 die
2106 4621 2261 4675 letzte
2298 4622 2459 4674 Anm.
2496 4627 2620 4675 zum
2655 4621 2882 4690 voriyen
2918 4620 3098 4676 Stack.

661 4706 704 4776 ⁸)
740 4709 825 4763 Es
859 4709 931 4763 ist
967 4710 1108 4764 wohl
1142 4709 1430 4763 besonders
1464 4726 1551 4762 nr.
1595 4712 1692 4762 114
1726 4710 1976 4778 ymaint.

429 4797 500 4851 40
663 4797 706 4864 ⁸)
743 4798 805 4852 Io
842 4797 1005 4852 credo
1041 4798 1146 4853 che
1182 4798 1238 4852 la
1273 4795 1549 4853 necessita
1597 4804 1839 4852 extrema
1875 4798 2020 4853 della
2056 4816 2226 4853 causa
2273 4796 2395 4853 fara
2432 4800 2534 4854 che
2572 4798 2886 4855 finalmente
2935 4801 2990 4855 la
3040 4817 3181 4855 reso-

520 4886 726 4941 lutione
764 4884 891 4942 sara
922 4886 1079 4942 bona.
1155 4889 1250 4941 An
1288 4887 1520 4943 Cervino
1556 4905 1607 4942 a.
1646 4906 1699 4942 a.
1743 4887 1802 4944 Ο.

3267 682 3365 731 154
3373 682 3407 731 6

3219 751 3350 804 Jan.
3379 754 3456 804 20
