3859 5575
490 611 628 662 1545

485 680 627 735 Fbr.

680 408 751 470 76
1585 410 1684 466 No.
1722 413 1781 466 4:
1821 411 1961 466 1545
1997 410 2230 466 Februar
2264 411 2445 481 27s28.

683 611 734 674 si
794 616 1088 674 contenta
1142 610 1256 696 piu
1316 607 1481 673 della
1537 606 1774 694 figliola
1832 608 1912 674 de
1964 609 2095 675 Sua
2141 609 2413 673 Cesarea
2457 608 2704 673 Maesta
2748 629 2866 672 con
2914 609 3117 694 questi
3164 608 3349 672 Paesi

467 753 649 820 2772&
684 716 893 799 Bassi,
940 715 1211 782 secondo
1258 715 1299 780 il
1346 724 1525 780 tenor
1571 714 1712 780 dell'
1760 714 2140 780 alternativa
2185 713 2352 780 della
2398 715 2573 780 detta
2618 716 2824 801 prima
2881 713 3348 801 capitulatione,

426 3207 567 3273 Apr.
588 3208 655 3257 13

686 823 803 889 che
849 823 980 889 Sua
1025 824 1271 888 Maesta
1314 822 1504 910 gliela
1550 823 1725 906 dara,
1773 845 1891 888 con
1940 831 2160 910 questo
2207 821 2367 888 che’l
2408 822 2581 887 detto
2613 844 2683 886 re
2713 821 2999 888 Christmo
3029 823 3352 908 aggiunga

682 939 747 996 et
789 932 1014 996 unisca
1059 929 1326 1018 qualche
1371 930 1536 996 altra
1580 931 1913 1016 provincia
1959 953 1999 994 a
2044 938 2263 1017 queste
2294 929 2497 1012 basse,
2545 930 2779 994 sicome
2811 928 3065 994 sarrebe
3102 928 3166 993 la
3195 928 3346 993 Bor-

682 1062 895 1125 gogna
940 1045 1075 1122 etc.,
1123 1045 1187 1102 et
1232 1036 1349 1103 che
1395 1035 1755 1124 qualunche
1800 1037 1864 1101 di
1899 1039 2103 1124 questi
2141 1037 2247 1102 doi
2291 1038 2506 1123 partiti
2539 1039 2860 1102 accettara
2904 1036 2946 1101 il
2993 1059 3081 1120 re,
3129 1044 3351 1124 questa
3405 1050 3441 1101 5

683 1146 926 1211 Maesta
971 1168 1049 1211 ne
1098 1149 1338 1211 restare
1383 1146 1874 1228 contentissima,
1921 1144 2297 1210 rimettendo
2344 1144 2409 1209 la
2449 1145 2972 1210 determinatione
3018 1145 3082 1208 di
3129 1152 3352 1232 questa

682 1276 831 1318 cosa
889 1254 954 1317 in
1014 1276 1129 1317 sua
1190 1255 1451 1340 potesta.
1560 1259 1621 1316 et
1678 1251 1909 1339 perche
1973 1252 2104 1316 Sua
2151 1251 2432 1317 Christum
2478 1251 2724 1315 Maesta
2771 1251 3021 1317 doveva
3065 1253 3352 1338 adempir

683 1383 797 1447 per
841 1360 902 1425 la
948 1366 1132 1446 parte
1180 1383 1295 1425 sua
1341 1361 1404 1424 in
1453 1360 1765 1424 restituire
1804 1357 2044 1424 Astene
2089 1366 2154 1423 et
2199 1358 2398 1424 Caors
2433 1358 2500 1447 ¹),
2548 1358 2593 1422 il
2639 1358 2754 1423 che
2800 1382 2927 1424 non
2974 1359 3059 1424 ha
3102 1360 3257 1424 fatto
3290 1367 3353 1424 et

684 1491 755 1532 sa
786 1468 907 1533 ben
941 1490 1066 1532 non
1101 1489 1269 1532 esser
1298 1474 1534 1532 restato
1565 1467 1650 1531 da
1679 1465 1779 1549 lei,
1812 1465 1876 1530 la
1905 1489 2105 1553 prega
2146 1467 2229 1532 ad
2275 1465 2510 1531 volerlo
2555 1467 2868 1552 esseguire
2916 1489 3034 1531 con
3082 1467 3351 1548 l’effetto,

685 1597 866 1640 come
911 1576 964 1639 si
1008 1574 1205 1640 rende
1251 1580 1425 1639 certa
1471 1574 1587 1639 che
1632 1596 1759 1638 non
1806 1576 2127 1638 mancatis.
3374 1587 3441 1639 10

864 1682 1069 1747 Penso
1116 1680 1272 1747 che’l
1319 1688 1497 1746 tener
1542 1689 1765 1769 questa
1824 1704 1973 1746 cosa
2030 1683 2161 1746 cosi
2224 1689 2464 1746 secreta
2519 1682 2613 1745 sia
2671 1704 2787 1767 per
2834 1704 2959 1746 non
3004 1681 3264 1747 turbare
3309 1680 3350 1745 li

684 1788 1057 1877 provinciali
1104 1794 1166 1853 et
1199 1787 1416 1875 populi
1447 1788 1511 1853 di
1546 1790 1748 1875 questi
1779 1791 1975 1875 paesi,
2018 1787 2252 1875 perche
2284 1811 2462 1854 come
2493 1790 2763 1855 intesero
2796 1788 2912 1854 che
2942 1789 3076 1855 Sua
3108 1788 3354 1853 Maesta

687 1896 891 1962 havea
936 1895 1156 1961 offerto
1202 1896 1266 1961 di
1313 1895 1477 1961 darii
1522 1895 1604 1961 ad
1653 1896 1961 1978 Francia,
2008 1896 2401 1961 reclamorno
2457 1896 2584 1961 alla
2629 1896 2817 1962 Serma
2861 1898 3083 1982 regina
3129 1896 3352 1980 Maria,

685 2012 750 2069 et
794 2026 835 2067 a
878 2003 957 2068 lei
1004 2004 1086 2068 ad
1134 2003 1264 2069 Sua
1310 2002 1581 2069 Cesarea
1643 2004 1922 2087 Maesta,
1984 2002 2418 2069 dimostrando
2477 2002 2931 2069 infinitamente
2989 2004 3157 2068 mala
3204 2024 3351 2067 con·

685 2117 971 2175 tentezza
1016 2110 1081 2175 di
1125 2111 1325 2175 dover
1370 2110 1573 2175 andan·
1631 2109 1796 2175 nella
1852 2133 2043 2175 mano
2103 2111 2167 2174 di
2215 2110 2507 2176 Francia.
2597 2112 2837 2198 impero
2897 2110 3028 2176 Sua
3082 2110 3355 2175 Cesarea
3376 2123 3441 2176 15

689 2218 933 2282 Maesta
978 2240 1103 2282 non
1151 2217 1236 2282 ha
1280 2216 1495 2283 voluto
1542 2219 1857 2303 guardare
1905 2218 1985 2283 ad
2034 2226 2253 2305 questo
2315 2241 2430 2304 per
2476 2241 2853 2284 conservare
2899 2225 3123 2307 questa
3169 2226 3352 2283 santa

685 2347 845 2412 pace
905 2347 1017 2411 per
1077 2324 1140 2389 la
1198 2326 1406 2412 quiete
1462 2325 1629 2390 della
1691 2324 2104 2390 Christianita
2161 2333 2224 2390 et
2283 2325 2586 2390 beneficio
2635 2323 2907 2412 publico.
3001 2333 3065 2390 et
3111 2323 3352 2391 benche

687 2431 893 2519 quello
940 2433 1026 2496 mi
1074 2431 1156 2496 ha
1204 2434 1668 2497 communicato
1715 2439 1969 2519 quest0,
2025 2455 2153 2497 non
2213 2431 2423 2518 voglia
2486 2455 2654 2498 esser
2717 2434 3071 2517 nominato,
3131 2434 3349 2498 nondi-

687 2561 892 2622 meno,
938 2538 1170 2626 perchc
1203 2562 1317 2604 son
1364 2547 1534 2605 certo
1583 2539 1742 2604 ch'el
1792 2542 1935 2603 sara
1981 2539 2047 2603 di
2079 2540 2140 2604 Ιὲι
2172 2548 2387 2605 tenuto
2420 2548 2679 2622 secreto,
2711 2539 3005 2604 accioche
3038 2539 3101 2604 la
3132 2542 3355 2628 sappia

689 2646 897 2711 donde
943 2648 1003 2711 io
1049 2645 1208 2730 l'ho,
1254 2647 1398 2711 dico
1446 2646 1702 2712 baverlo
1749 2646 1987 2711 havuto
2047 2646 2215 2712 dallo
2273 2655 2500 2733 agente
2559 2647 2659 2711 del
2709 2670 2776 2712 re
2822 2647 2902 2711 de
2948 2647 3250 2731 Romani,
3309 2645 3444 2712 ileo

690 2753 877 2842 quale
924 2754 1063 2820 dice
1110 2753 1368 2820 haverlo
1413 2755 1629 2820 scritto
1689 2753 1752 2819 al
1809 2776 1923 2819 suo
1969 2777 2037 2820 re
2092 2777 2213 2841 per
2252 2760 2430 2841 parte
2477 2752 2618 2820 dell'
2666 2755 3066 2841 imperatore.
3156 2755 3218 2820 io
3265 2755 3352 2819 mi

692 2862 880 2927 credo
928 2860 1044 2926 che
1091 2861 1235 2927 dica
1278 2861 1323 2926 il
1370 2885 1553 2944 ver0,
1615 2862 1846 2949 perche
1894 2863 1959 2927 fa
2004 2863 2388 2949 professione
2437 2862 2501 2927 di
2550 2861 2735 2927 homo
2785 2863 2870 2927 da
2916 2862 3076 2928 bene
3104 2861 3175 2951 ⁸).
3268 2863 3355 2926 mi

690 2972 837 3034 sarh.
880 2976 1338 3034 summamente
1383 2992 1532 3034 caro
1578 2969 1693 3035 che
1739 2970 1802 3035 la
1848 2972 1899 3034 si
1948 2971 2138 3056 degni
2182 2979 2360 3036 tener
2402 2993 2442 3036 a
2482 2992 2564 3052 se,
2612 2969 2843 3057 perche
2884 2993 2986 3035 me
3028 2993 3107 3035 ne
3140 2970 3354 3035 valeri)

691 3075 970 3142 anchora
1013 3100 1128 3164 per
1174 3075 1232 3141 lo
1280 3077 1597 3142 advenire.

869 3184 997 3250 Son
1044 3185 1289 3250 avisato
1336 3207 1514 3250 come
1558 3184 1663 3250 alli
1716 3195 1795 3251 13
1844 3186 2015 3271 parti
2062 3184 2229 3249 della
2274 3193 2447 3250 corte
2492 3183 2594 3249 del
2642 3185 2825 3251 Sermo
2857 3207 2927 3249 re
2972 3185 3039 3249 di
3083 3185 3441 3249 Romani25

690 3290 748 3356 el
793 3293 1110 3379 preposito
1140 3291 1221 3357 de
1251 3290 1453 3378 Agria
1480 3292 1552 3378 ²),
1600 3294 1899 3357 mandato
1947 3293 2030 3357 ad
2064 3293 2362 3356 Possonio
2408 3314 2521 3379 per
2566 3293 2867 3379 espedirsi
2901 3292 3051 3356 dalli
3085 3293 3353 3378 Ungari,

691 3422 810 3465 con
856 3400 1126 3488 presenti
1175 3400 1240 3464 di
1288 3407 1460 3464 veste
1507 3398 1571 3463 di
1631 3422 1739 3463 oro
1800 3407 1862 3464 et
1920 3399 2083 3464 altro
2142 3422 2255 3486 per
2317 3400 2519 3464 andar
2576 3398 2639 3463 la
2695 3399 2868 3464 volta
2932 3398 3098 3464 della
3147 3399 3356 3463 Bosna

691 3507 773 3571 ad
822 3506 965 3593 quel
1013 3506 1228 3588 bassa,
1269 3502 1329 3570 *il
1376 3505 1562 3595 quale
1609 3507 1650 3571 li
1697 3506 1781 3571 ha
1827 3507 1982 3571 fatto
2043 3509 2258 3571 venire
2305 3507 2779 3572 salvocondotto
2827 3505 2930 3571 dal
2978 3506 3194 3571 Turco
3242 3529 3354 3593 per

689 3614 966 3679 andarce
1013 3615 1076 3679 in
1122 3613 1542 3700 Andrinopoli
1590 3637 1627 3677 o
1674 3614 1838 3678 dove
1884 3613 1948 3678 la
1994 3638 2109 3679 sua
2153 3637 2420 3701 persona
2468 3616 2519 3678 si
2565 3617 2839 3697 trovara,
2891 3614 2973 3679 ad
3012 3616 3351 3701 pratticare

834 3829 875 3880 ι)
905 3827 1087 3869 ὶιινοῐὶο
1114 3827 1280 3869 bavato
1308 3827 1423 3869 dello
1452 3828 1609 3878 agento
1638 3849 1688 3857 -
1719 3828 1776 3869 ds
1804 3828 1910 3869 benc
1942 3829 1997 3868 ist
2022 3828 2236 3879 chiffm'eri.
3373 3822 3446 3875 30

839 3919 877 3983 ¹)
931 3918 1140 3972 Gavore
1187 3916 1456 3986 (Cavour)
1513 3919 1598 3973 bei
1649 3918 1936 3987 Finem-010,
1993 3919 2262 3973 Piemont.
2350 3918 2471 3971 Zur
2518 3917 2690 3972 Sache
2742 3920 2847 3988 ml.
2896 3918 3132 3988 Papiers
3185 3919 3357 3972 d’btat

691 4007 797 4062 III
826 4026 887 4077 Ρ.
927 4011 999 4061 46
1014 4024 1089 4077 sq.

837 4097 879 4166 2)
915 4097 1055 4152 Dies
1087 4114 1205 4152 ‘eom
1241 4097 1616 4168 Hieronymus
1653 4098 1947 4166 Adon-nne,
1999 4098 2188 4152 dessen
2234 4096 2581 4152 Instruktion
2618 4114 2739 4153 vom
2773 4101 2847 4152 28
2884 4098 3175 4152 Dezember
3221 4101 3356 4151 1544

695 4187 902 4243 datiert
936 4189 1010 4243 ist
1043 4187 1330 4257 (yedruckt
1368 4187 1702 4254 Buchholtz,
1750 4187 2102 4241 Urkundenb.
2155 4186 2209 4240 S.
2249 4189 2398 4253 342).
2472 4186 2581 4240 Die
2620 4187 2957 4256 Zeitanqabe
3004 4186 3246 4241 Vei-allos
3282 4188 3358 4241 ist

681 4277 993 4345 jedensalls
1018 4275 1409 4341 wnzutreffend
1423 4296 1442 4341 ,·
1468 4276 1699 4331 Adomo
1727 4277 1894 4344 hatte,
1922 4278 2024 4331 wie
2044 4276 2140 4330 der
2158 4275 2493 4341 Erebischof
2515 4292 2619 4328 von
2638 4277 2871 4344 Rayusa
2896 4294 2988 4330 am
3013 4280 3087 4331 23
3105 4277 3358 4331 Februar
3378 4277 3446 4330 35

693 4368 919 4424 melam
956 4366 1021 4434 (a.
1053 4367 1143 4420 die
1170 4366 1547 4421 meitniichste
1573 4367 1777 4434 Ama),
1809 4366 2025 4419 damals
2053 4366 2247 4419 bereits
2275 4364 2523 4433 Balyrad
2546 4365 2801 4433 passim-t,
2839 4383 2920 4419 wo
2948 4382 3007 4419 er
3034 4367 3156 4419 laut
3182 4371 3359 4420 umen

694 4475 782 4512 nr.
822 4461 857 4510 6
891 4458 1053 4511 einen
1088 4455 1513 4524 umfreiwilliyen
1561 4454 1900 4519 Aufenthalt
1947 4454 2173 4523 ,qehabm
2223 4470 2281 4507 er
2331 4455 2542 4523 lanyte,
2594 4455 2694 4508 wie
2740 4454 2829 4508 die
2867 4455 2949 4509 bei
2986 4472 3034 4508 υ.
3074 4455 3357 4521 Hammer,

697 4548 883 4602 Gesch.
934 4547 1029 4601 des
1074 4546 1450 4601 osmanischen
1498 4545 1726 4599 Reiches
1776 4545 1849 4598 ΙΙ
1895 4544 1950 4598 S.
2005 4548 2112 4597 199
2161 4544 2488 4612 anyest‘ihrte
2539 4543 2801 4598 Relation
2847 4545 3021 4598 scines
3075 4543 3360 4597 Seleu-emm

696 4637 978 4692 Giovmmi
1015 4635 1212 4690 Maria
1248 4635 1514 4689 Malvezzi
1564 4635 1748 4703 besayt
1764 4674 1780 4701 ,
1830 4650 1920 4688 am
1967 4638 2044 4688 28
2087 4634 2345 4688 Februar
2393 4635 2453 4687 in
2505 4632 2856 4702 Adrianopel
2900 4652 2991 4687 cm.
3077 4633 3360 4688 Vicum-ht

695 4727 826 4795 Περὶ
861 4726 980 4780 eine
1029 4723 1440 4793 Verwechslunq
1475 4724 1578 4777 mit
1619 4722 1873 4777 Ges-hard
1931 4721 2163 4793 Veltwyk
2201 4724 2263 4788 (s.
2302 4740 2360 4775 u.
2396 4740 2468 4776 zu
2502 4739 2588 4775 nr.
2630 4724 2685 4789 7)
2722 4739 2839 4789 vor,
2878 4723 3102 4777 welcher
3138 4740 3233 4776 um
3269 4723 3447 4777 diecto

695 4834 801 4871 ron
846 4816 1058 4870 Vei-allo
1096 4814 1429 4883 anyeyebene
1467 4814 1592 4867 Zeit
1630 4830 1736 4866 aus
1777 4812 1927 4881 P-ray
1966 4813 2111 4865 nach
2157 4811 2386 4880 Unqarn
2423 4812 2641 4881 abyiny.
2778 4802 2787 4807 ⁴
