3859 5575
1425 436 1523 494 Nn.
1562 439 1657 494 24:
1698 436 1837 494 1545
1873 436 2158 493 Dezember
2192 434 2243 492 2.
3056 432 3161 496 651

503 636 973 723 archiepiscopo
1020 643 1233 700 nostro
1278 637 1343 698 in
1393 658 1586 700 causa
1643 634 1965 720 religionis
2022 634 2471 721 adjungerent,
2536 656 2642 698 eos
2686 642 2757 698 ut
2802 656 2841 697 a
2886 631 3160 720 capitulo
3236 636 3372 687 1545

503 766 878 824 arceremus,
925 743 989 808 id
1035 743 1204 829 quod
1250 744 1440 807 etiam
1487 743 1664 829 prius
1713 741 1808 806 bis
1839 764 1954 828 per
1985 765 2100 807 sua
2144 742 2488 828 apostolica
2534 740 2901 828 dyplomata
2933 739 3162 804 San¹¹¹¹¹⁸
3199 706 3329 760 ΒΘΖ·
3359 709 3399 760 2

503 850 798 914 dominus
831 849 1056 914 Noster
1093 848 1276 914 nobis
1323 849 1666 913 mandavit.
1753 848 1970 913 confisi
2018 850 2228 934 itaque
2275 871 2491 912 sumus
2537 871 2652 912 nos
2697 854 2867 912 certo
2915 849 3161 931 certine,

504 958 714 1021 statim
761 965 906 1043 post
954 967 991 1023 3
1040 954 1400 1021 novembris
1445 956 1776 1021 decursam
1812 956 2056 1041 justam
2118 964 2181 1019 et
2226 956 2639 1020 necessariam
2688 957 2755 1019 in
2804 955 2925 1019 hac
2972 978 3164 1020 causa
3199 963 3340 1018 Nou.
3370 968 3406 1017 3

450 1065 872 1128 bsententiam
921 1062 1204 1128 obtinere
1262 1072 1325 1127 et
1381 1071 1702 1149 reportare
1763 1062 2071 1126 debuisse.
2168 1063 2383 1126 confisi
2433 1085 2682 1150 quoque
2729 1086 2947 1127 sumus
2993 1063 3163 1127 Rmum

505 1170 831 1234 dominum
877 1173 1181 1235 nuncium
1228 1172 1292 1233 in
1340 1169 1687 1255 prolatione
1728 1172 2033 1233 sententie
2065 1168 2475 1234 declaratorie
2520 1172 2810 1234 incursus
2856 1192 3162 1256 penarum

505 1288 724 1341 contra
785 1277 1095 1343 decanum
1158 1285 1437 1341 nostrum
1499 1283 1561 1341 et
1629 1300 1774 1341 suos
1832 1275 2168 1363 complices
2227 1275 2461 1340 nullam
2522 1277 2840 1341 facturum
2900 1300 3164 1360 moram,

506 1384 986 1469 consyderando
1043 1385 1320 1449 maxime
1365 1407 1555 1471 quam
1614 1386 2032 1448 necessarium
2089 1382 2208 1448 hoc
2255 1384 2442 1447 fuerit
2487 1392 2548 1448 et
2594 1384 2763 1471 quod
2810 1385 3012 1469 magis
3056 1407 3165 1449 ex-

505 1491 721 1577 pediat
765 1493 915 1556 istos
960 1499 1205 1555 nostros
1251 1498 1313 1555 et
1343 1513 1571 1555 causae
1602 1490 1922 1577 religionis
1955 1492 2353 1556 adversarios
2398 1514 2511 1577 per
2556 1492 2929 1556 sententiam
2972 1513 3162 1577 quam

423 1612 486 1663 10
507 1607 782 1662 nostram
831 1599 1152 1685 propriam
1196 1600 1591 1663 autoritatem
1641 1621 1680 1662 a
1725 1608 1939 1664 nostro
1972 1599 2284 1664 consortio
2316 1600 2533 1662 arceri.
2611 1598 2719 1662 sed
2751 1606 2961 1685 preter
2992 1622 3164 1685 spem

506 1707 871 1791 experimur
916 1706 1240 1791 utriusque
1287 1707 1588 1770 sententie
1633 1706 2201 1792 promulgationem
2248 1727 2479 1792 magno
2527 1727 2715 1770 cause
2761 1714 2824 1769 et
2868 1705 3166 1770 ecclesiae

506 1821 758 1877 nostrae
804 1811 1176 1877 detrimento
1222 1813 1286 1875 in
1336 1812 1504 1876 hunc
1551 1834 1748 1899 usque
1795 1811 1962 1878 diem
2012 1812 2266 1876 differri.

687 1918 870 1984 Certe
916 1919 1033 1983 hec
1079 1942 1258 1983 mora
1302 1918 1839 2006 archiepiscopum
1882 1926 2167 1984 nostrum
2201 1920 2290 1982 ita
2320 1919 2629 1982 animavit
2672 1927 2743 1983 ut
2788 1920 2838 1982 si
2887 1942 3166 2007 unquam

507 2034 713 2108 antea,
761 2048 931 2089 nunc
979 2048 1168 2112 quam
1217 2029 1495 2090 maxime
1540 2049 1723 2090 suum
1764 2033 1987 2112 urgeat
2031 2027 2405 2106 institutum,
2454 2027 2544 2090 sic
2593 2039 2663 2090 ut
2707 2025 2894 2112 plane
2941 2028 3165 2090 consti·

425 2146 488 2199 15
509 2134 698 2198 tuisse
744 2133 1038 2198 videatur
1083 2132 1273 2198 semel
1321 2133 1573 2198 tandem
1629 2156 2034 2220 perrumpere
2080 2140 2142 2197 et
2186 2133 2355 2219 quod
2404 2141 2731 2219 tantopere
2778 2132 3031 2197 molitur
3075 2134 3168 2196 in-

507 2247 876 2304 cunctanter
936 2243 1180 2327 exequi.
1286 2247 1357 2304 ut
1415 2248 1624 2305 cetera
1683 2241 1969 2326 pericula
2029 2239 2352 2318 sileamus,
2422 2262 2496 2303 eo
2544 2241 2681 2326 jam
2742 2240 3020 2304 adducta
3076 2245 3170 2304 est

506 2347 704 2435 (haud
752 2345 1019 2412 dubium
1067 2356 1322 2412 versuta
1370 2348 1766 2434 quorundam
1814 2347 2252 2412 sollicitatione
2306 2345 2790 2433 interveniente)
2836 2344 3014 2433 plebs
3060 2370 3168 2433 op-

505 2455 640 2542 pidi
671 2454 1030 2519 Nussiensis
1062 2462 1133 2519 ut
1162 2454 1468 2519 adversus
1499 2454 1789 2520 Caesaris
1834 2453 2047 2519 literas
2092 2462 2156 2519 et
2185 2455 2491 2518 mandata
2535 2455 2686 2541 ipsis
2733 2452 2914 2518 brevi
2960 2453 3168 2519 adhuc

506 2563 842 2643 insinuata,
889 2569 1112 2626 contra
1157 2584 1338 2625 suum
1388 2570 1672 2626 senatum
1721 2563 2090 2647 conspirans
2122 2562 2348 2647 viginti
2385 2568 2655 2647 quatuor
2685 2584 2769 2625 ex
2800 2584 2865 2625 se
2898 2560 3170 2626 delectos

418 2681 488 2751 20
510 2669 592 2732 ad
652 2668 1195 2755 archiepiscopum
1255 2675 1538 2733 nostrum
1601 2668 1913 2748 miserint,
1983 2675 2267 2755 petentes
2327 2668 2496 2754 quod
2558 2670 3031 2733 concionatores
3076 2668 3167 2732 lu-

509 2776 803 2840 theranos
835 2775 916 2839 ad
950 2799 1015 2840 se
1046 2775 1402 2840 destinaret.
1480 2799 1604 2864 quo
1649 2777 1835 2840 etiam
1893 2776 2130 2840 factum
2180 2782 2274 2841 est
2304 2783 2375 2841 ut
2405 2775 2571 2840 idem
2620 2775 2914 2841 dominus
2960 2783 3171 2841 noster

508 2882 1021 2969 archiepiscopus
1066 2884 1271 2947 missis
1317 2906 1390 2947 eo
1433 2886 1562 2946 suis
1595 2882 1985 2965 consiliariiS,
2033 2882 2368 2969 Omphalio
2402 2882 2696 2947 videlicet
2726 2891 2789 2947 et
2820 2882 3168 2967 SchormiO,

510 2988 592 3053 ab
639 2990 859 3054 eadem
911 2989 1171 3053 seducta
1216 2988 1399 3075 plebe
1446 2989 1844 3054 adhesionem
1895 2998 1958 3053 ct
2000 2990 2509 3055 constitutionem
2556 2997 3038 3076 procuratorum
3086 2990 3168 3054 ad

509 3119 685 3161 suam
721 3096 1045 3160 obtensam
1082 3094 1564 3182 appellationem
1599 3097 1680 3161 ad
1715 3105 1913 3161 status
1944 3098 2190 3183 imperii
2213 3099 2643 3183 interpositam
2671 3098 3167 3185 prosequendam

420 3215 491 3268 25
510 3212 644 3268 arte
690 3202 970 3268 elicuerit
1027 3201 1522 3291 obtinueritque,
1583 3205 1778 3269 veluti
1817 3206 1955 3291 jam
2003 3204 2246 3291 pridem
2297 3203 2379 3268 ab
2441 3204 2579 3269 aliis
2624 3207 2875 3292 quoque
2922 3207 3172 3292 oppidis

509 3309 798 3374 obtinuit.
879 3312 1018 3396 jam
1067 3320 1308 3396 quanta
1365 3313 1666 3395 pernities
1725 3310 1872 3375 hinc
1930 3310 2114 3376 nobis
2173 3312 2513 3376 metuenda
2544 3313 2642 3394 sit,
2690 3335 2804 3376 vos
2850 3312 3032 3377 facilc
3079 3314 3170 3377 di-

500 3417 792 3503 judicare
841 3419 1114 3503 potestis.
1197 3419 1477 3504 profecto
1533 3441 1675 3504 spes
1734 3419 2058 3483 retinende
2104 3420 2170 3482 in
2217 3417 2337 3482 hac
2386 3418 2619 3483 diocesi
2665 3418 2985 3504 religionis
3031 3427 3173 3506 post

509 3524 836 3589 Coloniam
867 3525 933 3588 in
970 3524 1198 3588 Nussia
1228 3526 1348 3589 sita
1382 3527 1519 3609 fuit,
1567 3549 1729 3612 quae
1769 3549 1938 3590 nunc
1986 3526 2440 3612 propemodum
2490 3525 2671 3590 nobis
2717 3535 2811 3591 est
2856 3526 3169 3612 adempta.

689 3631 937 3696 Deinde
1006 3631 1206 3717 (quod
1264 3633 1451 3718 longe
1519 3633 1927 3719 periculosius
1987 3633 2384 3719 reputamus)
2443 3634 2598 3697 ΗΜΘ
2660 3632 3173 3719 archiepiscopus

419 3751 490 3804 30
510 3747 723 3803 noster
770 3761 894 3803 non
945 3745 1277 3803 contentus
1322 3762 1523 3825 nuper
1557 3748 1780 3804 contra
1810 3762 2049 3804 morem
2084 3748 2358 3804 veterem
2406 3738 2594 3826 hujus
2638 3740 2897 3805 ecclesie
2943 3748 3006 3805 et
3040 3741 3172 3805 dio·

510 3869 720 3910 ceseos
767 3845 1106 3933 (nimerum
1156 3845 1336 3910 nobis
1382 3848 1472 3910 uti
1521 3847 1797 3932 capitulo
1844 3855 1907 3911 et
1952 3846 2282 3933 principali
2348 3846 2565 3911 ordine
2626 3869 2735 3911 seu
2794 3855 2962 3912 statu
3025 3870 3170 3911 con·

511 3955 765 4038 temptis
811 3960 874 4017 ct
919 3954 1175 4017 minime
1223 3955 1493 4040 vocatis)
1541 3954 1843 4018 indixisse
1899 3962 2282 4019 conventum
2328 3954 2651 4040 laycorum
2702 3955 2993 4019 ordinum
3041 3955 3171 4019 dio-

511 4063 668 4124 cesis
701 4074 1113 4125 transrenane
1143 4061 1208 4124 in
1243 4059 1638 4145 Westphalia
1668 4059 1809 4145 (ubi
1856 4083 1934 4124 ea
1980 4083 2141 4148 quae
2188 4083 2301 4147 per
2346 4083 2489 4124 eum
2539 4069 2683 4126 acta
2715 4069 2879 4144 sunt,
2926 4062 3170 4148 pridem

509 4169 900 4253 accepistis),
961 4191 1129 4231 nunc
1175 4169 1403 4231 iterum
1451 4190 1687 4231 novum
1737 4175 2120 4232 conventum
2168 4191 2249 4232 ex
2289 4167 2408 4233 hac
2437 4178 2617 4255 parte
2651 4169 2855 4234 Rheni
2899 4169 3174 4233 instante

421 4284 491 4336 35
512 4275 752 4338 decano
799 4285 861 4338 et
905 4275 1034 4338 suis
1080 4273 1497 4361 complicibus
1527 4273 1812 4339 similiter
1842 4283 2061 4340 contra
2092 4283 2301 4339 nostre
2347 4276 2606 4340 ecclesie
2652 4299 2889 4341 morem
2936 4284 2999 4341 et
3028 4299 3173 4341 con-

511 4383 907 4445 suetudinem
954 4381 1205 4464 indixit,
1251 4383 1316 4444 in
1367 4405 1490 4467 quo
1537 4382 1689 4467 quid
1736 4404 1957 4467 agere,
2002 4384 2192 4447 immo
2241 4405 2540 4469 peragere
2586 4384 2889 4468 intendat,
2937 4407 3018 4448 ex
3065 4385 3171 4448 ad-

501 4489 744 4573 junctis
800 4487 1271 4574 exemplaribus
1325 4488 1509 4553 facile
1569 4488 1959 4574 intelligetis,
2021 4491 2299 4554 maxime
2360 4492 2894 4556 annotatiunculis
2947 4495 3174 4556 nostris

510 4595 804 4680 inspectis
835 4594 902 4681 ¹).
978 4596 1060 4659 ad
1108 4593 1278 4659 hunc
1324 4604 1704 4660 conventum
1747 4596 2026 4660 decanus
2073 4596 2308 4660 dicitur
2351 4598 2743 4662 adducturus
2791 4598 3176 4664 consiliarios

657 4827 695 4896 ¹)
734 4828 801 4882 N
797 4828 908 4881 ioht
944 4828 1282 4882 vorhanden.
