3859 5575
1472 463 1572 527 No,
1612 466 1708 526 74:
1748 468 1888 527 1545
1924 462 2157 527 Oktober
2194 465 2278 525 15.
3096 464 3205 528 359

534 692 641 733 ma
685 691 811 733 non
857 671 993 734 usci
1041 691 1081 733 a
1125 671 1301 734 darei
1350 667 1689 734 altrimenti
1746 674 1930 756 parte
1974 666 2077 733 dcl
2132 690 2244 733 suo
2290 667 2560 754 riportO,
2620 666 3058 734 rimettendoci
3117 666 3201 732 ad
3283 669 3424 721 1545

536 799 668 841 una
712 774 875 841 altra
920 775 1109 855 volta,
1158 798 1335 841 come
1382 776 1499 841 che
1543 774 1824 841 anchora
1866 798 1996 841 non
2042 774 2307 840 havesse
2361 776 2559 841 inteso
2606 781 2767 841 tutto
2826 797 2940 861 per
2997 796 3201 840 essere
3240 738 3362 794 Okt.
3394 742 3463 793 15

534 884 754 969 giunto
801 884 867 949 di
914 883 1134 952 frescO.
1227 908 1335 949 ma
1390 906 1504 971 per
1560 883 1706 970 quel
1767 881 1883 948 che
1941 882 2046 948 noi
2105 881 2377 947 havemo
2435 889 2655 970 potuto
2710 882 3016 965 odorare,
3074 904 3202 947 non

536 998 824 1056 trovamc
871 990 986 1056 che
1032 993 1089 1056 ci
1136 992 1231 1056 sia
1276 990 1472 1057 molta
1528 1013 1835 1077 speranza
1888 991 1955 1055 di
2012 989 2207 1073 bene,
2264 998 2328 1056 et
2386 989 2502 1055 che
2561 989 2707 1078 quel
2766 991 3018 1055 tiranno
3080 1012 3203 1076 pur

481 1113 516 1167 5
536 1098 656 1162 stia
701 1098 861 1163 duro
908 1097 971 1162 di
1019 1097 1247 1164 volersi
1288 1100 1555 1163 ritenere
1586 1095 1894 1185 Bologna,
1941 1119 2132 1163 overo
2178 1096 2296 1163 che
2328 1097 2606 1163 Francia
2650 1097 2797 1163 lassi
2837 1096 3203 1163 totalmente

538 1204 598 1270 la
643 1207 1020 1292 protettione
1066 1206 1133 1271 di
1167 1205 1398 1291 Scotia,
1431 1204 1727 1270 accioche
1774 1227 1841 1270 se
1873 1228 1954 1270 ne
2000 1227 2188 1292 possa
2230 1205 2661 1292 impatronire.
2754 1227 2912 1292 pure
2952 1205 3050 1269 fra
3096 1204 3203 1269 dci

536 1335 573 1377 o
620 1320 715 1377 tre
759 1314 984 1400 giomi,
1031 1312 1147 1379 che
1192 1336 1482 1401 spel-amo
1527 1312 1827 1379 d'havere
1887 1336 2017 1379 una
2075 1312 2238 1379 altra
2282 1312 2606 1378 audientia
2649 1313 2735 1378 da
2779 1311 2912 1379 Sua
2957 1311 3203 1376 Maesta

535 1421 599 1484 in
647 1417 915 1485 Malines
944 1424 1018 1503 ¹⁸,
1065 1420 1229 1486 dove
1261 1422 1312 1486 si
1343 1444 1429 1486 va
1458 1421 1716 1487 domani
1744 1421 1817 1508 ²),
1864 1420 2200 1486 vederemo
2245 1420 2680 1486 d'intenderne
2720 1419 2949 1507 meglio
2992 1417 3199 1507 quello
3241 1425 3356 1482 Okt.
3385 1429 3454 1481 16

538 1526 656 1592 che
702 1529 753 1593 si
799 1530 1009 1614 petra,
1064 1537 1128 1594 et
1172 1530 1415 1595 intanto
1473 1531 1615 1594 sara
1674 1527 1873 1594 anche
1920 1536 2156 1594 venuto
2200 1526 2404 1593 l’altro
2462 1526 2848 1613 gentilhomo
2908 1527 3024 1592 che
3069 1525 3202 1592 Sua

448 1649 518 1703 10
538 1635 783 1699 Maesta
835 1634 1108 1701 Cesarea
1166 1637 1400 1702 mando
1462 1636 1523 1703 al
1579 1660 1648 1702 re
1703 1636 1769 1701 di
1835 1636 2111 1702 Francia
2169 1659 2283 1722 per
2337 1634 2381 1699 il
2438 1634 2780 1700 medesimo
2840 1634 3076 1713 effett0,
3140 1641 3205 1699 et

537 1741 965 1807 n'avisaremc.

714 1848 791 1914 In
837 1848 1105 1915 Malines
1151 1852 1202 1914 si
1249 1850 1541 1915 satisfara
1598 1874 1639 1916 a
1683 1857 1847 1916 tutto
1909 1848 1955 1914 il
2000 1848 2364 1915 memoriale
2429 1849 2547 1915 che
2606 1850 2896 1915 contiene
2956 1848 3015 1913 le
3060 1870 3204 1913 cose

537 1956 803 2042 private,
850 1980 978 2022 non
1023 1956 1285 2022 essendo
1331 1981 1518 2045 parso
1563 1956 1726 2023 bene
1772 1956 1931 2023 farlo
1978 1959 2091 2045 piu
2137 1964 2346 2045 presto
2376 1958 2448 2045 ³).

714 2063 822 2129 Da
868 2063 1198 2130 Bruxelles
1224 2067 1281 2153 ⁴)
1327 2088 1366 2130 a
1415 2074 1495 2132 15
1526 2064 1581 2155 a)
1626 2063 1938 2131 d'ottobre
1989 2074 2158 2133 1545
2213 2086 2254 2129 a
2314 2062 2559 2130 cavallo
2622 2086 2735 2151 per
2795 2062 2859 2128 la
2905 2061 3078 2129 volta
3121 2062 3201 2128 de
3244 2070 3363 2125 Okt.
3393 2058 3459 2124 15

454 2185 523 2240 15
540 2170 825 2237 Malines.

677 2405 720 2455 a)
751 2404 806 2445 Rs
830 2404 960 2446 stand
988 2404 1038 2445 16
1066 2406 1127 2453 (in
1156 2406 1382 2445 ronn'schm
1404 2404 1699 2456 zakkaichmae).
1730 2416 1815 2446 reas
1840 2405 1939 2446 aber
1963 2407 2010 2445 iu
2044 2406 2091 2446 15
2121 2404 2334 2455 tenuvia-1
2362 2403 2509 2445 πυκνὰ.
2566 2402 2641 2443 Βία
2669 2402 2931 2444 Βατιώιοίίε
2956 2402 3031 2443 der
3055 2402 3204 2455 papst-

537 2475 666 2517 lichen
698 2475 868 2517 Kamlei
888 2477 994 2526 ρίώἰ
1020 2476 1242 2526 aller-diseas
1267 2476 1347 2517 dm
1374 2476 1441 2517 16.
1472 2489 1529 2517 an
1543 2489 1558 2518 .·
1593 2477 1716 2517 allecte
1746 2477 1811 2517 dte
1841 2475 2105 2526 Emmanunq
2144 2476 2215 2516 der
2238 2475 2439 2526 qesta—aym
2470 2473 2666 2526 Anhmst
2695 2474 2956 2522 Grannona.
2997 2474 3069 2515 der
3095 2475 3202 2515 nacla

536 2547 744 2598 Numero
772 2560 841 2588 am
872 2548 934 2588 14.
965 2548 1072 2595 kam,
1100 2548 1292 2598 bemilam
1318 2547 1383 2589 dte
1412 2547 1646 2599 Absassuny
1672 2560 1742 2588 αηι
1772 2549 1838 2589 15.

535 2636 766 2703 worauf
782 2637 1045 2707 Μέηαρεε
1073 2637 1347 2706 doeweyen
1373 2637 1548 2703 sofort
1573 2639 1720 2692 nach
1743 2637 2090 2694 Frank-reich
2105 2636 2400 2703 Botsehast
2423 2636 2656 2707 yescmdt
2684 2637 2819 2692 habe
2831 2657 2852 2706 ,·
2878 2637 3027 2705 aber,
3056 2641 3205 2706 sayte

449 2726 634 2784 20der
663 2725 1098 2781 Gewdhrsmann
1126 2727 1466 2797 Navaqeros,
1493 2727 1657 2796 ,fener
1683 2726 1821 2782 Sala
1857 2727 1921 2794 (s.
1952 2743 2000 2781 ο.
2033 2744 2103 2782 zu
2137 2744 2226 2781 nr.
2257 2729 2382 2797 68).·
2420 2745 2523 2783 con
2560 2732 2711 2782 tutto
2746 2732 2945 2798 questo
2981 2743 3090 2780 non
3128 2726 3200 2779 mi

537 2815 654 2871 fare
691 2816 747 2870 di
786 2816 1247 2886 comprehendere
1296 2818 1401 2873 che
1451 2818 1534 2872 sia
1569 2834 1680 2872 una
1715 2818 1930 2872 sincera
1967 2815 2321 2872 conifidentia
2366 2824 2455 2872 tra
2489 2816 2753 2872 Francesi
2789 2822 2848 2871 et
2881 2816 3065 2886 questi
3104 2815 3203 2872 Ce-

536 2905 692 2959 sarei.
782 2906 945 2960 Aueh
994 2905 1093 2960 der
1140 2905 1407 2976 englische
1456 2906 1734 2961 Gesandte
1781 2906 1994 2962 scheine
2046 2906 2165 2961 dem
2212 2906 2417 2962 Kaisar
2470 2907 2624 2960 nicht
2665 2921 2813 2975 qam
2855 2922 2926 2959 zu
2972 2911 3205 2959 tranen.-

537 2994 703 3049 sendo
753 3001 900 3049 stato
951 2994 1103 3049 detto
1153 2995 1243 3050 all'
1282 2994 1677 3050 ambasciator:
1731 3012 1790 3050 se
1827 2995 2029 3051 Cesare
2077 2993 2286 3051 andarh
2335 2996 2392 3050 di
2444 2995 2626 3050 buone
2662 2993 2894 3065 gambe,
2933 3010 3087 3048 come
3123 2993 3202 3046 di-

538 3091 760 3152 mostra‚
797 3101 905 3138 non
934 3080 964 3137 e
993 3083 1162 3139 dubio
1190 3085 1293 3140 che
1331 3082 1630 3140 succedera
1668 3085 1723 3140 18
1758 3102 1914 3156 pace,
1951 3103 2060 3140 non
2097 3085 2305 3157 rispose
2343 3101 2401 3139 se
2439 3101 2544 3139 non
2583 3100 2686 3139 con
2725 3083 2864 3138 certi
2899 3084 3059 3137 cenni
3099 3123 3204 3151 ...‚

454 3176 524 3229 25
543 3173 674 3227 dalli
713 3174 864 3244 quali
900 3173 947 3228 si
983 3181 1149 3245 potea
1176 3173 1633 3245 comprehendere
1662 3174 1765 3229 che
1793 3174 2059 3229 dubitava
2095 3175 2198 3229 che
2226 3174 2592 3245 l’imperatore
2629 3188 2738 3227 non
2776 3171 2832 3226 18
2866 3171 3204 3227 desiderasse

538 3263 593 3315 in
630 3261 843 3317 effetto:
882 3261 921 3316 il
959 3264 1062 3317 che
1100 3260 1195 3333 piu
1233 3263 1604 3319 chiaramente
1641 3261 1763 3318 usci
1798 3264 1854 3318 di
1894 3263 2069 3319 bocca
2104 3264 2268 3319 d’uno
2305 3263 2432 3318 delli
2472 3262 2623 3333 suoi,
2669 3262 2710 3315 il
2747 3261 2911 3332 quale
2946 3261 3057 3316 alla
3094 3278 3203 3315 me·

537 3351 745 3406 desima
780 3353 1153 3423 propositione
1190 3353 1400 3424 rispose
1449 3361 1643 3424 queste
1692 3354 1908 3424 parole:
1960 3360 2017 3408 et
2065 3354 2104 3407 il
2153 3370 2300 3425 papa
2348 3353 2423 3407 ha
2469 3357 2703 3407 trattato
2754 3350 2920 3405 molte
2966 3350 3111 3404 volte
3149 3348 3205 3403 la

536 3458 674 3510 pace
710 3441 833 3496 coll’
870 3442 1198 3513 imperatore
1234 3449 1292 3497 et
1328 3459 1386 3496 re
1423 3442 1480 3497 di
1517 3442 1748 3506 Fratue,
1790 3439 1860 3497 ne
1898 3439 2031 3514 perh
2070 3444 2177 3496 mai
2216 3443 2328 3497 l’ha
2363 3441 2702 3497 desiderato!

683 3530 722 3594 ¹)
761 3529 1055 3600 Navayero
1090 3548 1145 3584 α.
1184 3549 1234 3585 α.
1275 3531 1366 3586 Ο..·
1401 3531 1441 3585 11
1478 3533 1673 3586 noncio
1711 3537 1769 3586 et
1803 3532 1843 3586 11
1872 3531 2131 3586 Dandino
2168 3548 2346 3585 vanno
2381 3548 2489 3602 pur
2522 3528 2842 3585 ricercando
2878 3527 3063 3599 quello
3100 3528 3203 3582 che

448 3622 521 3675 30
537 3626 697 3689 porta
732 3621 772 3674 11
811 3618 1069 3690 Ceperio,
1116 3629 1173 3675 et
1208 3637 1315 3674 non
1353 3620 1638 3676 l'havendo
1675 3621 1852 3676 inteso
1887 3621 1945 3675 di
1993 3622 2191 3676 alcuno
2228 3621 2275 3674 si
2323 3636 2495 3675 sonno
2543 3618 2717 3674 risolti
2768 3617 2876 3672 essi
2922 3615 3203 3671 medesimi

539 3709 593 3762 in
633 3708 862 3764 Malines
899 3709 1253 3765 dimandarne
1291 3709 1404 3766 Sua
1441 3707 1672 3765 Maesta.

682 3797 721 3866 ²)
764 3798 1193 3854 Ebendaselbst:
1233 3798 1628 3871 L'imperatorc
1663 3796 1810 3871 part-i
1846 3800 1966 3854 heri
1993 3797 2096 3870 [15
2130 3796 2282 3869 Oka]
2316 3799 2373 3853 di
2410 3803 2607 3869 questa
2644 3792 2784 3852 sitta
2822 3791 3111 3865 [Brassel]
3147 3799 3205 3848 et

538 3883 664 3941 sara
708 3894 906 3958 questa
953 3904 1076 3942 sera
1111 3905 1145 3942 a
1183 3888 1415 3944 Maiines
1455 3930 1467 3942 .
1493 3930 1504 3944 .
1526 3911 1565 3955 .;
1604 3889 1770 3961 pochi
1820 3886 1876 3942 di
1913 3889 1960 3944 si
2009 3889 2132 3943 dice
2180 3888 2284 3943 che
2332 3894 2569 3943 stat-emo
2617 3885 2673 3940 in
2711 3884 2944 3940 Malines
2978 3892 3036 3938 et
3071 3882 3205 3937 forsi

538 3993 644 4030 non
682 3974 779 4046 piu
816 3976 870 4030 di
908 3984 1024 4046 tre3
1063 3977 1153 4047 poi
1189 3995 1225 4032 a
1260 3976 1517 4047 Guanth,
1567 3987 1623 4033 et
1675 3985 1826 4033 certo
1989 3978 2037 4033 si
2084 3975 2293 4032 andan-h
2329 3994 2364 4031 a
2399 3975 2628 4032 Utrech.
2667 3980 2863 4046 questo
2911 3989 3075 4044 poseo
3125 3971 3206 4026 af-

450 4063 727 4122 351118181-
762 4083 797 4120 a
835 4065 1041 4121 Vostra
1076 4064 1328 4122 Serenita
1363 4067 1467 4121 che
1504 4067 1637 4122 tutti
1674 4068 1856 4138 questi
1907 4067 2045 4121 mesi
2094 4067 2373 4121 d’inverno
2409 4066 2456 4120 si
2493 4061 2646 4120 stara
2679 4065 2737 4118 in
2774 4063 2990 4119 camino
3026 4079 3126 4133 per
3161 4062 3203 4115 il

536 4153 661 4225 gelo
697 4163 754 4211 et
789 4171 888 4225 per
925 4156 974 4210 le
1010 4156 1135 4211 nevi
1172 4156 1229 4210 di
1265 4155 1578 4211 Germania.
1655 4155 1821 4210 Dazu
1858 4156 2172 4226 Postskvipt
2208 4172 2330 4211 vom
2374 4159 2457 4209 18.
2497 4171 2601 4209 aus
2643 4154 2913 4221 Mecheln,
2963 4168 3045 4206 wo
3081 4152 3203 4206 Na—

536 4260 735 4313 vayero
771 4261 864 4298 am
900 4244 1096 4299 Abend
1134 4245 1326 4300 vorher
1363 4246 1661 4314 anqelanqt
1698 4261 1835 4312 war,
1870 4248 1947 4299 24
1985 4243 2242 4299 Stemden
2275 4245 2423 4300 nach
2459 4243 2579 4298 dem
2614 4242 2832 4298 Kaiser.
2909 4240 3030 4295 Der
3057 4239 3206 4306 Auf-

540 4334 712 4387 brueh
746 4333 893 4387 nach
928 4333 1087 4401 Gent,
1124 4333 1245 4404 fflqt
1282 4351 1340 4389 er
1374 4335 1572 4402 ainzu,
1608 4332 1785 4389 werde
1823 4351 1914 4388 am
1949 4336 2042 4388 20.
2079 4334 2406 4389 statthaben.
2482 4332 2640 4388 Doch
2674 4331 2923 4388 verschob
2958 4331 3075 4385 sich
3112 4330 3209 4384 der

538 4421 875 4488 Aufbmch:
910 4440 952 4477 s.
991 4423 1082 4478 die
1118 4423 1414 4493 folyenden
1452 4440 1569 4478 arr,

450 4514 521 4569 40
683 4509 723 4576 8)
773 4511 886 4580 Vyl.
925 4512 1015 4566 die
1050 4512 1497 4582 ndchstfolyendc
1534 4511 1824 4582 Depesche.

680 4601 724 4670 ⁴)
762 4601 891 4657 Dea
925 4602 1265 4669 Aufenthalt
1313 4604 1376 4656 in
1411 4602 1640 4657 Brassel
1687 4602 1939 4656 benutzte
1989 4601 2138 4656 Karl
2188 4601 2335 4655 auch
2384 4601 2561 4668 dazu,
2612 4600 2712 4654 mit
2759 4600 2857 4655 der
2908 4597 3207 4654 Gemeinde

538 4691 712 4746 dieser
746 4691 917 4747 stadt
951 4692 1086 4747 aber
1120 4690 1415 4747 Subsidien
1449 4709 1519 4746 zu
1555 4692 1916 4761 verbandeln,
1963 4708 2077 4747 was
2112 4690 2265 4745 nieht
2300 4692 2439 4746 ohne.
2476 4689 2949 4759 Schwioeiykeiten
2986 4687 3205 4757 abyiny.

535 4781 832 4852 Navaqero
869 4781 1127 4837 bow-ichtet
1153 4799 1244 4835 am
1272 4785 1354 4836 16.
1373 4801 1391 4835 .-
1425 4781 1481 4836 18
1517 4777 1856 4836 communiti}
1891 4781 1946 4834 di
1975 4780 2284 4835 Brusselles
2320 4781 2394 4834 ha
2429 4778 2668 4849 risposto
2704 4776 3020 4832 finalmente
3056 4778 3204 4831 assai

538 4870 893 4927 liberamente
928 4871 1039 4926 alla
1073 4870 1331 4926 dimanda
1366 4872 1491 4928 dell’
1529 4872 1886 4943 imperatore,
1938 4871 2040 4925 che
2089 4888 2196 4925 non
2235 4871 2392 4925 vuole
2446 4869 2712 4924 assentire
2751 4885 2808 4923 se
2845 4884 2954 4922 non
2993 4868 3030 4921 li
3068 4885 3202 4925 sono
