3859 5575
1445 487 1543 541 No.
1583 490 1679 541 63:
1723 487 1860 544 1545
1896 489 2200 559 September
2237 491 2322 544 27.
3106 488 3210 552 307

549 682 782 745 mando
829 704 868 744 a
915 681 1044 747 Sua
1090 681 1373 747 Christum
1419 683 1664 747 Maesta
1709 686 2076 771 monsignor
2123 686 2186 749 di
2220 685 2551 751 Monlabes
2584 689 2648 772 ¹)
2712 685 2867 752 hora
2898 710 2964 752 se
3009 690 3211 753 costui

547 799 730 874 porta
777 787 968 872 altro,
1015 813 1141 854 non
1191 791 1239 854 si
1289 813 1357 854 sa
1405 813 1517 876 per
1561 813 1826 875 ancora,
1885 800 1950 857 et
1994 793 2073 857 ad
2125 792 2271 880 quel
2319 793 2433 857 che
2490 795 2544 859 si
2605 802 2865 880 penetra
2921 818 3040 881 par
3098 796 3213 860 che

548 893 827 960 habbino
872 896 1140 982 qualche
1186 904 1458 983 sospetto
1507 900 1570 962 in
1620 898 1894 964 Francia
1943 898 2058 964 0110
2105 923 2227 965 000
2281 901 2619 966 s'attacche
2666 900 2932 987 qualche
2970 904 3215 988 pratica

547 1002 643 1065 fra
690 1002 821 1067 Sua
867 1001 1142 1068 Cesarea
1186 1003 1433 1068 Maesta
1479 1012 1542 1068 et
1586 1003 1631 1069 il
1689 1027 1756 1069 re
1803 1005 2280 1092 d’Inghilterra,
2344 1015 2492 1072 nato
2551 1007 2722 1073 dalla
2768 1010 3067 1074 mandata
3112 1009 3214 1074 del

494 1109 907 1196 bScheppero
954 1118 1017 1174 et
1064 1110 1211 1175 dall'
1260 1110 1420 1176 altro
1469 1113 1710 1198 spedito
1759 1113 1994 1201 doppoi
2042 1115 2242 1179 inteso
2290 1115 2353 1180 10
2399 1116 2570 1180 detta
2617 1122 2833 1181 morte.
3186 1116 3205 1128 ⁸

725 1216 818 1281 Le
862 1219 1037 1302 genti
1085 1216 1419 1283 thedesche
1466 1220 1672 1285 fecero
1719 1220 1802 1285 ad
1848 1221 2149 1285 instantia
2194 1221 2667 1308 d'Ingbilterra,
2716 1223 3003 1290 doveano
3051 1248 3214 1289 mar-

549 1323 762 1389 chiare
808 1347 990 1390 verso
1039 1324 1101 1388 la
1146 1324 1576 1412 Ciampagna,
1636 1334 1701 1392 et
1759 1328 1842 1392 ad
1889 1337 2111 1415 questo
2167 1330 2376 1395 effetto
2435 1329 2900 1396 l’ambasciator
2946 1351 3059 1396 suo
3107 1334 3216 1419 qui

550 1432 855 1518 espeditte
902 1455 1028 1496 uno
1076 1431 1192 1496 0110
1239 1431 1443 1496 havea
1489 1435 1554 1498 in
1602 1457 1768 1517 casa,
1819 1442 1881 1499 et
1926 1433 2030 1499 all’
2077 1437 2364 1501 incontro
2412 1436 2454 1501 11
2487 1460 2556 1502 re
2588 1437 2867 1503 Christm
2900 1439 3218 1504 mandava

551 1540 916 1625 monsignor
975 1537 1312 1625 d’Angiem
1372 1563 1488 1604 con
1560 1540 1754 1606 molta
1821 1548 2010 1626 gente
2022 1592 2041 1626 ,
2112 1541 2227 1607 0110
2288 1544 2491 1608 dovra
2549 1566 2752 1609 essere
2814 1547 2877 1609 in
2940 1548 3216 1632 viaggiw

468 1653 533 1707 10
554 1645 776 1733 poiche
825 1645 862 1708 ’l
923 1669 1148 1733 campo
1209 1647 1493 1712 francese
1554 1648 1815 1735 (doppoi
1875 1647 2112 1714 havuto
2174 1648 2382 1736 quella
2441 1649 2936 1717 sbarbozzatella
2994 1652 3110 1717 che
3166 1655 3216 1717 si

552 1756 806 1839 scrisse)
852 1777 918 1818 se
965 1755 1153 1819 retii-b
1201 1754 1368 1820 dallo
1415 1755 1661 1820 assedio
1707 1755 1772 1820 di
1819 1755 2107 1843 Bologna
2164 1780 2280 1822 con
2330 1757 2590 1823 lassarvi
2650 1758 2778 1824 solo
2840 1770 3013 1827 3000
3059 1761 3217 1832 fanti

552 1884 665 1947 per
709 1861 976 1947 guardia
1024 1861 1089 1925 di
1135 1860 1278 1950 quel
1324 1862 1486 1928 forte
1533 1861 1648 1927 0110
1697 1864 1759 1928 vi
1805 1862 2138 1929 havevano
2186 1865 2343 1929 fatto
2373 1867 2440 1949 2).

729 1968 786 2032 11
853 1969 1138 2055 principe
1200 1969 1264 2033 di
1327 1969 1587 2057 Savoya
1613 1973 1666 2052 ⁸)
1727 1972 1834 2057 qui
1894 1979 2183 2058 presente
2244 1970 2326 2036 ba
2384 1974 2695 2038 ricercata
2755 1975 2886 2040 Sua
2946 1974 3217 2040 Cesarea

553 2076 796 2141 Maesta
856 2082 918 2141 et
975 2099 1100 2139 non
1163 2075 1326 2141 lassa
1387 2078 1656 2143 tuttavia
1715 2077 1779 2141 di
1839 2077 2185 2143 ricordarlo
2247 2078 2362 2143 che
2421 2077 2478 2143 le
2540 2081 2745 2144 faccia
2811 2082 3089 2148 restituir
3156 2079 3219 2146 la

467 2188 533 2241 15
554 2184 835 2269 Savoya,
898 2191 960 2247 et
1005 2183 1137 2248 Sua
1180 2181 1452 2249 Cesarea
1497 2184 1744 2249 Maesta
1797 2184 1855 2249 le
1915 2183 1999 2248 ha
2057 2184 2206 2249 dato
2265 2184 2483 2272 parole
2544 2187 2727 2274 piene
2783 2187 2847 2251 di
2894 2210 3217 2274 speranza,

553 2291 821 2355 dicendo
868 2289 983 2355 che
1032 2290 1217 2355 crede
1264 2289 1421 2355 011οἸ
1467 2313 1536 2356 re
1584 2290 1864 2357 Christ¹¹¹⁰
1911 2292 2005 2355 sia
2051 2290 2329 2378 obligato
2375 2315 2491 2378 per
2519 2292 2583 2357 la
2613 2293 3020 2380 capitulation
3054 2295 3220 2360 della

552 2421 740 2485 pace,
800 2396 845 2462 il
892 2396 1007 2462 che
1051 2396 1161 2462 vol
1221 2397 1320 2462 far
1364 2398 1593 2463 vedere
1640 2397 1725 2462 da
1769 2399 1999 2464 dottori
2029 2398 2116 2488 4),
2179 2406 2242 2465 et
2285 2397 2402 2463 che
2448 2401 2515 2464 in
2562 2398 2978 2487 qualsivoglia
3032 2401 3218 2466 modo

555 2507 686 2570 Sua
730 2505 974 2569 Maesta
1019 2528 1147 2569 non
1192 2504 1250 2571 le
1295 2507 1609 2571 mancara.

703 2649 738 2716 ¹)
778 2650 1007 2717 Philipp
1055 2649 1125 2702 de
1169 2649 1440 2720 Lannoy,
1495 2650 1646 2704 Herr
1691 2667 1798 2704 von
1844 2649 2201 2718 Molembais,
2249 2650 2516 2705 Gaehard
2558 2668 2617 2719 p.
2672 2655 2790 2705 103.
2841 2680 2907 2690 ——
2956 2651 3220 2705 Liermon

466 2743 536 2797 20
555 2739 912 2794 tiberbraehte
930 2737 1490 2808 Entsclmldiqunqen
1517 2755 1696 2808 weqen
1721 2739 2041 2809 Verleteunq
2078 2739 2590 2795 niederlc‘tndischen
2626 2740 3014 2796 Territorinms
3042 2739 3221 2795 durch

556 2830 646 2883 die
684 2829 1030 2896 Franzosen,
1023 2848 1035 2860 ·
1096 2830 1197 2897 vyl.
1255 2828 1344 2882 die
1398 2829 1621 2884 ndchste
1658 2829 2053 2898 Anmerkuny,
2108 2830 2268 2883 sowie
2304 2829 2600 2899 Navaqero
2637 2834 2670 2883 4
2712 2829 2945 2885 Oktober
2996 2831 3081 2889 (in
3117 2831 3225 2884 den

555 2919 846 2988 Beilayen)
896 2918 1017 2972 und
1067 2918 1171 2972 das
1206 2917 1497 2972 Schreiben
1546 2918 1642 2972 des
1678 2917 1938 2973 Nuntius
1974 2919 2207 2987 Ajaeeio
2255 2936 2374 2973 rom
2410 2923 2482 2972 30
2516 2918 2841 2987 September,
2893 2920 2989 2974 der
3025 2920 3217 2973 hinza

555 3008 705 3076 ft‘e'qt,
759 3005 879 3078 dass
926 3007 1023 3061 der
1069 3007 1277 3062 Kaiser
1329 3007 1417 3061 die
1467 3007 2027 3078 Entschuldiyunyen
2072 3014 2173 3077 yut
2222 3006 2639 3077 aufyenommen
2688 3009 2838 3063 habe.
2924 3008 3037 3077 Vyl.
3077 3010 3223 3063 auch

556 3099 854 3167 Navayero
891 3114 1008 3152 vom
1043 3100 1122 3152 27
1157 3097 1465 3165 September
1502 3098 1576 3162 (1.
1615 3098 1881 3165 Bericht).

466 3191 535 3243 25
699 3186 739 3256 ²)
779 3187 943 3242 Diese
978 3186 1359 3240 Naehrichten
1394 3190 1648 3256 erydnzte
1676 3187 1892 3241 Verallo
1922 3186 2099 3241 durch
2128 3188 2287 3241 einen
2312 3187 2537 3241 zzoaten
2563 3187 2788 3241 Berieht
2823 3204 2944 3241 rom
2976 3187 3221 3256 gleichen

559 3278 703 3346 Taye
742 3276 932 3346 (Carte
970 3275 1191 3330 Parnes.
1233 3276 1338 3329 689
1387 3276 1595 3343 eiyenh.
1649 3275 1816 3344 Oriy„
1860 3278 2199 3344 prasentiert
2250 3280 2313 3329 11
2363 3275 2619 3345 Oktober)
2664 3275 2841 3330 durch
2889 3275 3222 3345 Folyendes:

555 3364 958 3438 Aggiongendo
1014 3365 1120 3418 alle
1169 3364 1310 3418 altre
1358 3365 1430 3417 mi
1483 3372 1630 3418 resta
1680 3363 1796 3418 solo
1846 3364 1963 3417 dire
2014 3364 2115 3419 che
2153 3365 2237 3419 nel
2278 3364 2522 3419 retirarsi
2572 3365 2623 3419 lo
2684 3364 2923 3419 exercito
2972 3364 3221 3421 francese

555 3456 626 3509 da
662 3455 911 3525 Bologna
948 3454 1066 3508 selli
1105 3470 1357 3523 scoperse
1393 3452 1504 3506 alla
1540 3454 1677 3507 coda
1713 3453 1784 3506 da
1820 3452 1969 3506 mille
2005 3460 2063 3507 et
2099 3460 2259 3508 cento
2312 3453 2509 3507 cavalli
2557 3462 2614 3508 et
2660 3470 2765 3507 000
2793 3448 2879 3507 'so
2928 3455 3030 3509 che
3081 3454 3220 3510 fanti

555 3545 622 3599 de
661 3545 1021 3615 Inghilterra,
1066 3544 1103 3596 li
1143 3541 1291 3613 quali
1332 3549 1583 3596 trovorno
1621 3549 1770 3596 sesta
1805 3549 1862 3596 et
1897 3558 1967 3595 ne
2013 3541 2175 3596 furno
2223 3544 2543 3597 ammazzati
2592 3542 2772 3599 molti:
2822 3543 3145 3599 confessano
3181 3544 3221 3598 li

467 3637 537 3690 30
555 3634 758 3705 Inglesi
797 3633 852 3686 di
889 3634 1012 3701 300,
1051 3649 1141 3686 ma
1177 3632 1215 3685 li
1253 3631 1514 3687 Francesi
1552 3632 1746 3686 dieano
1784 3632 1840 3686 di
1877 3632 2026 3686 mille
2066 3640 2121 3686 et
2158 3629 2283 3703 piu3
2332 3640 2388 3687 et
2435 3633 2538 3687 che
2576 3633 2663 3687 nel
2705 3634 2897 3688 levarsi
2950 3635 2986 3688 11
3027 3651 3221 3705 campo

556 3721 856 3792 brugiorno
906 3721 944 3775 il
995 3737 1159 3792 paese
1210 3721 1471 3775 talmente
1521 3721 1624 3775 che
1674 3721 2258 3776 inconsideratamente
2310 3720 2607 3792 brugiorno
2660 3723 2856 3777 010000
2908 3740 3033 3777 0080
3078 3723 3222 3779 nello

556 3811 830 3865 territorio
868 3817 925 3866 et
973 3810 1323 3882 jurisditione
1372 3810 1427 3863 di
1483 3817 1680 3881 questa
1717 3810 1951 3865 Cesarea
1994 3807 2236 3878 Maesia,
2293 3818 2349 3865 et
2399 3811 2502 3866 che
2545 3809 2678 3882 pero
2728 3812 2809 3865 sia
2859 3820 3005 3867 stato
3054 3829 3224 3868 ancon·

557 3901 813 3955 mandato
861 3901 901 3954 il
937 3900 1090 3954 detto
1127 3899 1444 3970 monsignor
1479 3900 1546 3953 de
1587 3900 1803 3954 Liermo
1849 3916 1949 3970 per
1995 3901 2272 3955 escusarlo
2322 3901 2391 3953 ad
2430 3900 2543 3955 Sua
2581 3898 2793 3955 Maesta
2830 3900 3067 3956 Cesarea
3103 3931 3119 3940 —
3151 3932 3170 3941 ·
3200 3932 3219 3942 -

558 3990 739 4044 hanno
791 3990 1020 4045 lasciato
1057 3990 1198 4043 4000
1233 3989 1374 4043 fanti
1413 3989 1468 4043 in
1507 3989 1635 4060 quel
1673 3989 1816 4044 forte
1852 3989 2024 4058 fatto,
2074 4006 2228 4044 come
2266 4007 2325 4044 se
2362 3990 2536 4045 scrive
2573 3991 2715 4045 nelle
2764 3991 2932 4059 altre,
2982 3992 3024 4044 il
3060 3993 3223 4063 quale

469 4082 538 4134 35
558 4078 678 4134 dice
715 4096 863 4133 esser
900 4085 1055 4133 tanto
1093 4078 1301 4149 grande
1339 4086 1547 4149 quanto
1586 4078 1836 4149 Bologna
1873 4095 2043 4146 nova,
2093 4085 2149 4133 et
2197 4079 2300 4133 0110
2337 4080 2394 4133 10
2432 4097 2504 4134 00
2544 4080 2685 4135 altro
2722 4079 2865 4135 forte
2902 4080 3081 4135 vicino
3119 4099 3224 4151 pur

557 4169 593 4222 li
633 4171 815 4223 hanno
853 4169 1041 4222 lassati
1083 4168 1258 4223 15000
1293 4167 1420 4222 altri
1471 4168 1609 4223 fanti
1663 4167 1859 4236 buoni,
1915 4176 1974 4222 et
2011 4169 2047 4222 il
2087 4176 2233 4223 resto
2270 4168 2379 4222 dell
2416 4169 2684 4237 exercite,
2734 4170 2839 4224 che
2876 4187 3009 4224 sono
3038 4170 3225 4225 -15000

555 4259 681 4312 altri
723 4267 779 4312 et
815 4256 911 4329 piu
950 4259 1052 4313 che
1085 4258 1232 4312 3000
1270 4257 1483 4326 cavalli,
1522 4259 1568 4312 si
1607 4254 1638 4313 0
1677 4258 1881 4312 inviato
1918 4259 1973 4311 in
2013 4258 2354 4329 Ciampagna
2390 4275 2489 4329 per
2537 4259 2878 4330 contraporsi
2928 4259 3035 4314 alle
3071 4262 3224 4330 genti

558 4349 813 4402 tedesche
865 4349 997 4402 fatte
1045 4348 1133 4401 dal
1182 4347 1491 4417 lantgravio
1538 4347 1665 4415 (vyl.
1703 4348 1839 4401 oben
1887 4364 1974 4401 nr.
2016 4352 2083 4401 61
2130 4348 2251 4401 und
2298 4348 2417 4403 hier
2466 4353 2640 4403 wnten
2687 4348 2743 4402 S.
2788 4352 2897 4402 309
2947 4350 3111 4403 Anm.
3152 4350 3222 4416 1).

557 4436 612 4490 in
651 4453 864 4490 summa
899 4452 970 4490 va
1007 4436 1174 4490 molto
1225 4436 1281 4488 in
1320 4435 1470 4489 volta
1505 4436 1720 4505 pratica
1771 4436 1826 4489 di
1862 4453 1999 4507 pace
2037 4443 2125 4491 tra
2162 4437 2308 4505 lor0,
2352 4433 2467 4492 cosi
2516 4438 2765 4508 piacesse
2801 4438 2870 4492 ad
2908 4438 3018 4493 Dio
3054 4437 3225 4493 stabi—

469 4525 681 4581 40111·Ιο
731 4542 933 4579 ancora
981 4542 1082 4580 con
1131 4531 1329 4596 questa
1378 4523 1616 4580 Cesarea
1661 4522 1878 4580 Maesta
1925 4543 2026 4596 per
2080 4524 2347 4581 beneficio
2395 4527 2541 4581 della
2586 4523 2975 4596 Christianita,
3023 4544 3123 4597 per
3171 4527 3226 4581 la

559 4616 722 4686 quale
757 4631 961 4669 ancora
998 4630 1286 4684 persevera
1323 4614 1378 4667 la
1413 4616 1562 4670 fama
1599 4615 1701 4670 che
1737 4612 1910 4669 andra
1948 4616 1988 4668 il
2017 4615 2332 4686 Scheppero
2370 4618 2626 4671 mandato
2663 4617 2731 4670 da
2768 4623 2964 4687 questa
2993 4613 3224 4684 Maesta,

559 4705 663 4759 che
696 4705 807 4759 Dio
845 4704 878 4758 ’1
917 4704 1092 4775 vogli!

705 4793 743 4863 8)
789 4794 905 4864 Vyl.
942 4794 1076 4849 oben
1109 4811 1181 4849 zu
1217 4812 1301 4850 nr.
1342 4798 1432 4849 60.

700 4885 742 4956 ⁴)
787 4885 901 4957 1⁷91.
940 4884 1174 4955 Papiers
1208 4886 1383 4942 d'etat
1416 4884 1530 4941 III
1557 4901 1642 4940 nr.
1680 4887 1753 4938 53
1780 4902 1840 4956 p.
1871 4887 1976 4938 188
2003 4900 2109 4955 sqq.
2146 4883 2221 4955 (p.
2251 4888 2369 4940 200
2384 4885 2485 4956 sq.)

2681 4974 2800 5028 20«-

3286 691 3426 741 1545

3249 760 3370 830 Spt.
3398 763 3471 813 27
