<?xml version="1.0" encoding="UTF-8"?>
<!DOCTYPE html PUBLIC "-//W3C//DTD XHTML 1.0 Transitional//EN"
    "http://www.w3.org/TR/xhtml1/DTD/xhtml1-transitional.dtd">
<html xmlns="http://www.w3.org/1999/xhtml" xml:lang="en" lang="en">
 <head>
  <title>
</title>
<meta http-equiv="Content-Type" content="text/html;charset=utf-8" />
  <meta name='ocr-system' content='tesseract 3.04.00' />
  <meta name='ocr-capabilities' content='ocr_page ocr_carea ocr_par ocr_line ocrx_word'/>
</head>
<body>
  <div class='ocr_page' id='page_1' title='image "./nuntiaturberich01deugoog_0302.png"; bbox 0 0 3859 5575; ppageno 0'>
   <div class='ocr_carea' id='block_1_1' title="bbox 1304 433 3171 512">
    <p class='ocr_par' dir='ltr' id='par_1_1' title="bbox 1304 433 3171 512">
     <span class='ocr_line' id='line_1_1' title="bbox 1304 433 3171 512; baseline 0.002 -15"><span class='ocrx_word' id='word_1_1' title='bbox 1304 439 1403 498; x_wconf 82' lang='lat' dir='ltr'>No.</span> <span class='ocrx_word' id='word_1_2' title='bbox 1441 441 1678 499; x_wconf 72' lang='lat'>56—572</span> <span class='ocrx_word' id='word_1_3' title='bbox 1720 440 1859 499; x_wconf 81' lang='lat'>1545</span> <span class='ocrx_word' id='word_1_4' title='bbox 1896 443 2108 512; x_wconf 74' lang='lat' dir='ltr'>August</span> <span class='ocrx_word' id='word_1_5' title='bbox 2143 441 2373 499; x_wconf 78' lang='lat'><strong>29—30.</strong></span> <span class='ocrx_word' id='word_1_6' title='bbox 3065 433 3171 501; x_wconf 78' lang='grc'>287</span> 
     </span>
    </p>
   </div>
   <div class='ocr_carea' id='block_1_2' title="bbox 419 638 3457 1799">
    <p class='ocr_par' dir='ltr' id='par_1_2' title="bbox 419 638 3457 1799">
     <span class='ocr_line' id='line_1_2' title="bbox 504 638 3409 727; baseline 0.001 -23"><span class='ocrx_word' id='word_1_7' title='bbox 504 638 1063 727; x_wconf 87' lang='lat' dir='ltr'>particularmente</span> <span class='ocrx_word' id='word_1_8' title='bbox 1109 640 1327 721; x_wconf 87' lang='lat' dir='ltr'>inteso,</span> <span class='ocrx_word' id='word_1_9' title='bbox 1375 662 1480 704; x_wconf 88' lang='lat' dir='ltr'>ma</span> <span class='ocrx_word' id='word_1_10' title='bbox 1527 638 1650 704; x_wconf 91' lang='lat' dir='ltr'>ben</span> <span class='ocrx_word' id='word_1_11' title='bbox 1698 638 1814 704; x_wconf 90' lang='lat' dir='ltr'>che</span> <span class='ocrx_word' id='word_1_12' title='bbox 1858 638 1917 703; x_wconf 89' lang='lat' dir='ltr'>le</span> <span class='ocrx_word' id='word_1_13' title='bbox 1963 662 2088 704; x_wconf 91' lang='lat' dir='ltr'>non</span> <span class='ocrx_word' id='word_1_14' title='bbox 2137 641 2309 704; x_wconf 89' lang='lat' dir='ltr'>sieno</span> <span class='ocrx_word' id='word_1_15' title='bbox 2358 640 2665 705; x_wconf 89' lang='lat' dir='ltr'>conformi</span> <span class='ocrx_word' id='word_1_16' title='bbox 2695 639 2780 705; x_wconf 89' lang='lat' dir='ltr'>ad</span> <span class='ocrx_word' id='word_1_17' title='bbox 2812 639 3018 726; x_wconf 91' lang='lat' dir='ltr'>quello</span> <span class='ocrx_word' id='word_1_18' title='bbox 3058 640 3174 706; x_wconf 88' lang='lat' dir='ltr'>che</span> <span class='ocrx_word' id='word_1_19' title='bbox 3269 643 3409 694; x_wconf 79' lang='lat'><strong><em>1545</em></strong></span> 
     </span>
     <span class='ocr_line' id='line_1_3' title="bbox 505 713 3457 835; baseline 0 -24"><span class='ocrx_word' id='word_1_20' title='bbox 505 771 614 812; x_wconf 86' lang='lat' dir='ltr'>era</span> <span class='ocrx_word' id='word_1_21' title='bbox 659 748 701 812; x_wconf 89' lang='lat' dir='ltr'>il</span> <span class='ocrx_word' id='word_1_22' title='bbox 751 747 1060 812; x_wconf 85' lang='lat' dir='ltr'>desiderio</span> <span class='ocrx_word' id='word_1_23' title='bbox 1108 747 1173 811; x_wconf 91' lang='lat' dir='ltr'>di</span> <span class='ocrx_word' id='word_1_24' title='bbox 1221 746 1352 813; x_wconf 84' lang='lat' dir='ltr'>Sua</span> <span class='ocrx_word' id='word_1_25' title='bbox 1398 747 1670 813; x_wconf 77' lang='lat' dir='ltr'>Cesarea</span> <span class='ocrx_word' id='word_1_26' title='bbox 1715 747 1977 815; x_wconf 68' lang='lat' dir='ltr'>Maesta.</span> <span class='ocrx_word' id='word_1_27' title='bbox 2071 749 2181 835; x_wconf 63' lang='lat' dir='ltr'>pier</span> <span class='ocrx_word' id='word_1_28' title='bbox 2241 755 2411 812; x_wconf 87' lang='lat' dir='ltr'>certo</span> <span class='ocrx_word' id='word_1_29' title='bbox 2474 769 2539 811; x_wconf 90' lang='lat' dir='ltr'>se</span> <span class='ocrx_word' id='word_1_30' title='bbox 2599 770 2679 812; x_wconf 90' lang='lat' dir='ltr'>ne</span> <span class='ocrx_word' id='word_1_31' title='bbox 2738 749 3015 812; x_wconf 75' lang='lat' dir='ltr'>scrivera</span> <span class='ocrx_word' id='word_1_32' title='bbox 3060 770 3173 833; x_wconf 90' lang='lat' dir='ltr'>per</span> <span class='ocrx_word' id='word_1_33' title='bbox 3211 713 3355 780; x_wconf 64' lang='lat'>‘4²⁴9‘</span> <span class='ocrx_word' id='word_1_34' title='bbox 3383 715 3457 765; x_wconf 81' lang='lat'>29</span> 
     </span>
     <span class='ocr_line' id='line_1_4' title="bbox 505 854 1191 942; baseline 0.003 -24"><span class='ocrx_word' id='word_1_35' title='bbox 505 854 566 919; x_wconf 87' lang='lat' dir='ltr'>la</span> <span class='ocrx_word' id='word_1_36' title='bbox 611 857 815 942; x_wconf 88' lang='lat' dir='ltr'>prima</span> <span class='ocrx_word' id='word_1_37' title='bbox 863 856 1191 920; x_wconf 80' lang='lat' dir='ltr'>occasione</span> 
     </span>
     <span class='ocr_line' id='line_1_5' title="bbox 683 961 3173 1049; baseline -0.001 -22"><span class='ocrx_word' id='word_1_38' title='bbox 683 962 866 1027; x_wconf 88' lang='lat' dir='ltr'>Altro</span> <span class='ocrx_word' id='word_1_39' title='bbox 914 986 1044 1028; x_wconf 91' lang='lat' dir='ltr'>non</span> <span class='ocrx_word' id='word_1_40' title='bbox 1092 963 1172 1027; x_wconf 95' lang='lat' dir='ltr'>ho</span> <span class='ocrx_word' id='word_1_41' title='bbox 1219 962 1282 1027; x_wconf 89' lang='lat' dir='ltr'>di</span> <span class='ocrx_word' id='word_1_42' title='bbox 1330 985 1456 1049; x_wconf 90' lang='lat' dir='ltr'>qua</span> <span class='ocrx_word' id='word_1_43' title='bbox 1502 961 1617 1027; x_wconf 90' lang='lat' dir='ltr'>che</span> <span class='ocrx_word' id='word_1_44' title='bbox 1665 963 1957 1028; x_wconf 83' lang='lat' dir='ltr'>scrivere.</span> <span class='ocrx_word' id='word_1_45' title='bbox 2050 964 2102 1026; x_wconf 89' lang='lat' dir='ltr'>si</span> <span class='ocrx_word' id='word_1_46' title='bbox 2160 970 2488 1049; x_wconf 86' lang='lat' dir='ltr'>aspettano</span> <span class='ocrx_word' id='word_1_47' title='bbox 2549 961 2590 1026; x_wconf 89' lang='lat' dir='ltr'>li</span> <span class='ocrx_word' id='word_1_48' title='bbox 2651 963 2968 1049; x_wconf 81' lang='lat' dir='ltr'>progressi</span> <span class='ocrx_word' id='word_1_49' title='bbox 3013 961 3173 1026; x_wconf 88' lang='lat' dir='ltr'>delle</span> 
     </span>
     <span class='ocr_line' id='line_1_6' title="bbox 451 1068 3173 1156; baseline 0 -24"><span class='ocrx_word' id='word_1_50' title='bbox 451 1069 611 1134; x_wconf 84' lang='lat' dir='ltr'>5doi</span> <span class='ocrx_word' id='word_1_51' title='bbox 659 1077 902 1135; x_wconf 87' lang='lat' dir='ltr'>armate</span> <span class='ocrx_word' id='word_1_52' title='bbox 949 1072 1049 1134; x_wconf 83' lang='lat' dir='ltr'>fra</span> <span class='ocrx_word' id='word_1_53' title='bbox 1095 1070 1375 1134; x_wconf 87' lang='lat' dir='ltr'>Francia</span> <span class='ocrx_word' id='word_1_54' title='bbox 1420 1077 1483 1134; x_wconf 87' lang='lat' dir='ltr'>et</span> <span class='ocrx_word' id='word_1_55' title='bbox 1527 1068 1926 1156; x_wconf 86' lang='lat' dir='ltr'>Inghilterra.</span> <span class='ocrx_word' id='word_1_56' title='bbox 2020 1071 2126 1156; x_wconf 89' lang='lat' dir='ltr'>qui</span> <span class='ocrx_word' id='word_1_57' title='bbox 2175 1092 2240 1134; x_wconf 86' lang='lat' dir='ltr'>se</span> <span class='ocrx_word' id='word_1_58' title='bbox 2288 1068 2427 1134; x_wconf 89' lang='lat' dir='ltr'>dice</span> <span class='ocrx_word' id='word_1_59' title='bbox 2474 1068 2588 1134; x_wconf 90' lang='lat' dir='ltr'>che</span> <span class='ocrx_word' id='word_1_60' title='bbox 2648 1070 2692 1134; x_wconf 90' lang='lat' dir='ltr'>il</span> <span class='ocrx_word' id='word_1_61' title='bbox 2752 1091 2821 1133; x_wconf 90' lang='lat' dir='ltr'>re</span> <span class='ocrx_word' id='word_1_62' title='bbox 2879 1068 2962 1133; x_wconf 90' lang='lat' dir='ltr'>ha</span> <span class='ocrx_word' id='word_1_63' title='bbox 3007 1069 3173 1133; x_wconf 83' lang='lat' dir='ltr'>facto</span> 
     </span>
     <span class='ocr_line' id='line_1_7' title="bbox 431 1175 2404 1263; baseline -0.001 -22"><span class='ocrx_word' id='word_1_64' title='bbox 431 1246 435 1251; x_wconf 62' lang='grc'><strong>,</strong></span> <span class='ocrx_word' id='word_1_65' title='bbox 506 1177 776 1241; x_wconf 88' lang='lat' dir='ltr'>ritenere</span> <span class='ocrx_word' id='word_1_66' title='bbox 824 1178 1189 1262; x_wconf 84' lang='lat' dir='ltr'>monsignor</span> <span class='ocrx_word' id='word_1_67' title='bbox 1235 1175 1616 1260; x_wconf 87' lang='lat' dir='ltr'>d&#39;Anniba0‚</span> <span class='ocrx_word' id='word_1_68' title='bbox 1663 1177 1743 1240; x_wconf 71' lang='lat' dir='ltr'>ne</span> <span class='ocrx_word' id='word_1_69' title='bbox 1790 1177 1840 1239; x_wconf 91' lang='lat' dir='ltr'>si</span> <span class='ocrx_word' id='word_1_70' title='bbox 1889 1199 1959 1240; x_wconf 89' lang='lat' dir='ltr'>sa</span> <span class='ocrx_word' id='word_1_71' title='bbox 2006 1175 2067 1240; x_wconf 90' lang='lat' dir='ltr'>la</span> <span class='ocrx_word' id='word_1_72' title='bbox 2113 1199 2307 1241; x_wconf 88' lang='lat' dir='ltr'>causa</span> <span class='ocrx_word' id='word_1_73' title='bbox 2335 1178 2404 1263; x_wconf 80' lang='lat'>¹).</span> 
     </span>
     <span class='ocr_line' id='line_1_8' title="bbox 684 1282 3174 1370; baseline -0.001 -20"><span class='ocrx_word' id='word_1_74' title='bbox 684 1285 750 1350; x_wconf 83' lang='lat' dir='ltr'>Si</span> <span class='ocrx_word' id='word_1_75' title='bbox 800 1284 941 1349; x_wconf 89' lang='lat' dir='ltr'>dice</span> <span class='ocrx_word' id='word_1_76' title='bbox 988 1282 1104 1348; x_wconf 88' lang='lat' dir='ltr'>che</span> <span class='ocrx_word' id='word_1_77' title='bbox 1151 1283 1282 1348; x_wconf 87' lang='lat' dir='ltr'>Sua</span> <span class='ocrx_word' id='word_1_78' title='bbox 1329 1282 1600 1347; x_wconf 82' lang='lat' dir='ltr'>Cesarea</span> <span class='ocrx_word' id='word_1_79' title='bbox 1648 1282 1892 1348; x_wconf 74' lang='lat' dir='ltr'>Maesta</span> <span class='ocrx_word' id='word_1_80' title='bbox 1939 1285 2143 1347; x_wconf 67' lang='lat' dir='ltr'>starra</span> <span class='ocrx_word' id='word_1_81' title='bbox 2188 1285 2294 1370; x_wconf 90' lang='lat' dir='ltr'>qui</span> <span class='ocrx_word' id='word_1_82' title='bbox 2351 1293 2429 1350; x_wconf 90' lang='lat'>10</span> <span class='ocrx_word' id='word_1_83' title='bbox 2475 1306 2513 1348; x_wconf 92' lang='lat' dir='ltr'>o</span> <span class='ocrx_word' id='word_1_84' title='bbox 2566 1293 2643 1351; x_wconf 88' lang='lat'>15</span> <span class='ocrx_word' id='word_1_85' title='bbox 2692 1284 2897 1370; x_wconf 85' lang='lat' dir='ltr'>giomi</span> <span class='ocrx_word' id='word_1_86' title='bbox 2942 1282 3004 1348; x_wconf 90' lang='lat' dir='ltr'>al</span> <span class='ocrx_word' id='word_1_87' title='bbox 3044 1285 3174 1370; x_wconf 63' lang='lat' dir='ltr'>pin,</span> 
     </span>
     <span class='ocr_line' id='line_1_9' title="bbox 505 1389 3174 1478; baseline 0.001 -24"><span class='ocrx_word' id='word_1_88' title='bbox 505 1399 568 1456; x_wconf 83' lang='lat' dir='ltr'>et</span> <span class='ocrx_word' id='word_1_89' title='bbox 611 1393 716 1478; x_wconf 90' lang='lat' dir='ltr'>poi</span> <span class='ocrx_word' id='word_1_90' title='bbox 766 1391 882 1456; x_wconf 87' lang='lat' dir='ltr'>che</span> <span class='ocrx_word' id='word_1_91' title='bbox 928 1413 1013 1455; x_wconf 85' lang='lat' dir='ltr'>va</span> <span class='ocrx_word' id='word_1_92' title='bbox 1060 1391 1141 1455; x_wconf 85' lang='lat' dir='ltr'>ad</span> <span class='ocrx_word' id='word_1_93' title='bbox 1188 1389 1431 1456; x_wconf 84' lang='lat' dir='ltr'>Gantes</span> <span class='ocrx_word' id='word_1_94' title='bbox 1492 1398 1556 1454; x_wconf 87' lang='lat' dir='ltr'>et</span> <span class='ocrx_word' id='word_1_95' title='bbox 1613 1389 1696 1454; x_wconf 87' lang='lat' dir='ltr'>ad</span> <span class='ocrx_word' id='word_1_96' title='bbox 1742 1390 1989 1476; x_wconf 86' lang='lat' dir='ltr'>Bruges</span> <span class='ocrx_word' id='word_1_97' title='bbox 2048 1399 2111 1455; x_wconf 88' lang='lat' dir='ltr'>et</span> <span class='ocrx_word' id='word_1_98' title='bbox 2157 1398 2784 1477; x_wconf 87' lang='lat' dir='ltr'>consequentemente</span> <span class='ocrx_word' id='word_1_99' title='bbox 2831 1391 3174 1457; x_wconf 87' lang='lat' dir='ltr'>rivedendo</span> 
     </span>
     <span class='ocr_line' id='line_1_10' title="bbox 505 1496 3128 1585; baseline 0 -24"><span class='ocrx_word' id='word_1_100' title='bbox 505 1497 567 1562; x_wconf 85' lang='lat' dir='ltr'>la</span> <span class='ocrx_word' id='word_1_101' title='bbox 611 1499 940 1585; x_wconf 83' lang='lat' dir='ltr'>provincia</span> <span class='ocrx_word' id='word_1_102' title='bbox 987 1520 1099 1584; x_wconf 89' lang='lat' dir='ltr'>per</span> <span class='ocrx_word' id='word_1_103' title='bbox 1144 1507 1474 1583; x_wconf 88' lang='lat' dir='ltr'>potersene</span> <span class='ocrx_word' id='word_1_104' title='bbox 1521 1498 1631 1583; x_wconf 64' lang='lat' dir='ltr'>pin</span> <span class='ocrx_word' id='word_1_105' title='bbox 1678 1496 1876 1562; x_wconf 87' lang='lat' dir='ltr'>libero</span> <span class='ocrx_word' id='word_1_106' title='bbox 1923 1497 1983 1562; x_wconf 90' lang='lat' dir='ltr'>al</span> <span class='ocrx_word' id='word_1_107' title='bbox 2031 1506 2242 1584; x_wconf 90' lang='lat' dir='ltr'>tempo</span> <span class='ocrx_word' id='word_1_108' title='bbox 2288 1498 2527 1563; x_wconf 88' lang='lat' dir='ltr'>andare</span> <span class='ocrx_word' id='word_1_109' title='bbox 2568 1497 2650 1562; x_wconf 87' lang='lat' dir='ltr'>ad</span> <span class='ocrx_word' id='word_1_110' title='bbox 2683 1498 3031 1563; x_wconf 88' lang='lat' dir='ltr'>Ratisbona</span> <span class='ocrx_word' id='word_1_111' title='bbox 3058 1502 3128 1584; x_wconf 77' lang='lat'>²).</span> 
     </span>
     <span class='ocr_line' id='line_1_11' title="bbox 419 1603 3174 1692; baseline 0 -23"><span class='ocrx_word' id='word_1_112' title='bbox 419 1619 486 1670; x_wconf 88' lang='lat'>10</span> <span class='ocrx_word' id='word_1_113' title='bbox 684 1606 751 1671; x_wconf 87' lang='lat' dir='ltr'>Si</span> <span class='ocrx_word' id='word_1_114' title='bbox 799 1607 834 1669; x_wconf 77' lang='grc' dir='ltr'>ὸ</span> <span class='ocrx_word' id='word_1_115' title='bbox 895 1604 1195 1670; x_wconf 87' lang='lat' dir='ltr'>mandato</span> <span class='ocrx_word' id='word_1_116' title='bbox 1258 1603 1550 1669; x_wconf 89' lang='lat' dir='ltr'>Cornelio</span> <span class='ocrx_word' id='word_1_117' title='bbox 1611 1604 1928 1692; x_wconf 88' lang='lat' dir='ltr'>Sceppero</span> <span class='ocrx_word' id='word_1_118' title='bbox 1985 1604 2067 1669; x_wconf 85' lang='lat' dir='ltr'>ad</span> <span class='ocrx_word' id='word_1_119' title='bbox 2130 1604 2512 1690; x_wconf 84' lang='lat' dir='ltr'>Inghilterra</span> <span class='ocrx_word' id='word_1_120' title='bbox 2572 1606 2655 1670; x_wconf 86' lang='lat' dir='ltr'>da</span> <span class='ocrx_word' id='word_1_121' title='bbox 2715 1607 2845 1671; x_wconf 86' lang='lat' dir='ltr'>Sua</span> <span class='ocrx_word' id='word_1_122' title='bbox 2904 1604 3174 1670; x_wconf 84' lang='lat' dir='ltr'>Cesarea</span> 
     </span>
     <span class='ocr_line' id='line_1_12' title="bbox 507 1710 2459 1799; baseline -0.001 -23"><span class='ocrx_word' id='word_1_123' title='bbox 507 1712 751 1777; x_wconf 71' lang='lat' dir='ltr'>Maesta</span> <span class='ocrx_word' id='word_1_124' title='bbox 795 1735 909 1799; x_wconf 91' lang='lat' dir='ltr'>per</span> <span class='ocrx_word' id='word_1_125' title='bbox 954 1713 1233 1799; x_wconf 86' lang='lat' dir='ltr'>praticar</span> <span class='ocrx_word' id='word_1_126' title='bbox 1279 1710 1340 1776; x_wconf 87' lang='lat' dir='ltr'>la</span> <span class='ocrx_word' id='word_1_127' title='bbox 1386 1733 1541 1797; x_wconf 88' lang='lat' dir='ltr'>pace</span> <span class='ocrx_word' id='word_1_128' title='bbox 1590 1720 1685 1776; x_wconf 90' lang='lat' dir='ltr'>tra</span> <span class='ocrx_word' id='word_1_129' title='bbox 1731 1710 1864 1776; x_wconf 92' lang='lat' dir='ltr'>loro</span> <span class='ocrx_word' id='word_1_130' title='bbox 1893 1713 1967 1798; x_wconf 77' lang='lat'>³).</span> <span class='ocrx_word' id='word_1_131' title='bbox 2061 1735 2174 1799; x_wconf 90' lang='lat' dir='ltr'>per</span> <span class='ocrx_word' id='word_1_132' title='bbox 2220 1714 2459 1777; x_wconf 84' lang='lat' dir='ltr'>avviso.</span> 
     </span>
    </p>
   </div>
   <div class='ocr_carea' id='block_1_3' title="bbox 685 1836 3458 1915">
    <p class='ocr_par' dir='ltr' id='par_1_3' title="bbox 685 1836 3458 1915">
     <span class='ocr_line' id='line_1_13' title="bbox 685 1836 3458 1915; baseline -0.001 -13"><span class='ocrx_word' id='word_1_133' title='bbox 685 1838 789 1904; x_wconf 87' lang='lat' dir='ltr'>Da</span> <span class='ocrx_word' id='word_1_134' title='bbox 836 1836 1180 1903; x_wconf 89' lang='lat' dir='ltr'>Brusselles</span> <span class='ocrx_word' id='word_1_135' title='bbox 1224 1836 1281 1902; x_wconf 87' lang='lat' dir='ltr'>el</span> <span class='ocrx_word' id='word_1_136' title='bbox 1328 1838 1395 1901; x_wconf 77' lang='lat' dir='ltr'>di</span> <span class='ocrx_word' id='word_1_137' title='bbox 1443 1838 1704 1903; x_wconf 87' lang='lat' dir='ltr'>sudetto.</span> <span class='ocrx_word' id='word_1_138' title='bbox 3211 1847 3356 1915; x_wconf 72' lang='lat' dir='ltr'>Any.</span> <span class='ocrx_word' id='word_1_139' title='bbox 3381 1850 3458 1902; x_wconf 81' lang='lat'>29</span> 
     </span>
    </p>
   </div>
   <div class='ocr_carea' id='block_1_4' title="bbox 426 2069 3465 2582">
    <p class='ocr_par' dir='ltr' id='par_1_4' title="bbox 508 2069 3465 2260">
     <span class='ocr_line' id='line_1_14' title="bbox 508 2069 3465 2152; baseline -0.002 -14"><span class='ocrx_word' id='word_1_140' title='bbox 508 2071 617 2138; x_wconf 78' lang='lat'>57.</span> <span class='ocrx_word' id='word_1_141' title='bbox 725 2069 974 2135; x_wconf 81' lang='lat' dir='ltr'>Verallo</span> <span class='ocrx_word' id='word_1_142' title='bbox 1034 2090 1123 2134; x_wconf 80' lang='lat' dir='ltr'>an</span> <span class='ocrx_word' id='word_1_143' title='bbox 1170 2070 1489 2135; x_wconf 73' lang='lat' dir='ltr'>Fctrnese:</span> <span class='ocrx_word' id='word_1_144' title='bbox 1548 2069 1777 2152; x_wconf 77' lang='lat' dir='ltr'>Erfoly</span> <span class='ocrx_word' id='word_1_145' title='bbox 1836 2070 2312 2152; x_wconf 67' lang='lat' dir='ltr'>vet-sprechende</span> <span class='ocrx_word' id='word_1_146' title='bbox 2371 2072 2677 2135; x_wconf 76' lang='lat' dir='ltr'>Invasion</span> <span class='ocrx_word' id='word_1_147' title='bbox 2738 2071 2844 2134; x_wconf 75' lang='lat' dir='ltr'>des</span> <span class='ocrx_word' id='word_1_148' title='bbox 2903 2071 3176 2151; x_wconf 68' lang='lat' dir='ltr'>Herzoq-</span> <span class='ocrx_word' id='word_1_149' title='bbox 3216 2080 3359 2148; x_wconf 63' lang='lat' dir='ltr'>Any.</span> <span class='ocrx_word' id='word_1_150' title='bbox 3387 2084 3465 2132; x_wconf 85' lang='lat'>30</span> 
     </span>
     <span class='ocr_line' id='line_1_15' title="bbox 508 2177 3178 2260; baseline 0 -20"><span class='ocrx_word' id='word_1_151' title='bbox 508 2183 674 2241; x_wconf 81' lang='lat' dir='ltr'>tums</span> <span class='ocrx_word' id='word_1_152' title='bbox 741 2177 1240 2258; x_wconf 74' lang='lat' dir='ltr'>Braunschweiy</span> <span class='ocrx_word' id='word_1_153' title='bbox 1307 2177 1506 2241; x_wconf 80' lang='lat' dir='ltr'>durch</span> <span class='ocrx_word' id='word_1_154' title='bbox 1573 2178 1693 2240; x_wconf 81' lang='lat' dir='ltr'>den</span> <span class='ocrx_word' id='word_1_155' title='bbox 1760 2178 2185 2242; x_wconf 59' lang='lat' dir='ltr'>ver-triebenen</span> <span class='ocrx_word' id='word_1_156' title='bbox 2248 2177 2515 2260; x_wconf 60' lang='lat' dir='ltr'>Herzog).</span> <span class='ocrx_word' id='word_1_157' title='bbox 2620 2178 3002 2242; x_wconf 73' lang='lat' dir='ltr'>Ausbleiben</span> <span class='ocrx_word' id='word_1_158' title='bbox 3061 2199 3178 2241; x_wconf 77' lang='lat' dir='ltr'>von</span> 
     </span>
    </p>

    <p class='ocr_par' dir='ltr' id='par_1_5' title="bbox 426 2283 3182 2582">
     <span class='ocr_line' id='line_1_16' title="bbox 426 2283 3179 2366; baseline 0 -19"><span class='ocrx_word' id='word_1_159' title='bbox 426 2295 490 2347; x_wconf 84' lang='lat'>15</span> <span class='ocrx_word' id='word_1_160' title='bbox 510 2284 940 2350; x_wconf 75' lang='lat' dir='ltr'>Nachrichten</span> <span class='ocrx_word' id='word_1_161' title='bbox 985 2305 1105 2349; x_wconf 81' lang='lat' dir='ltr'>von</span> <span class='ocrx_word' id='word_1_162' title='bbox 1151 2284 1442 2349; x_wconf 77' lang='lat' dir='ltr'>Andelot.</span> <span class='ocrx_word' id='word_1_163' title='bbox 1536 2283 1664 2348; x_wconf 75' lang='lat' dir='ltr'>Die</span> <span class='ocrx_word' id='word_1_164' title='bbox 1708 2284 2188 2366; x_wconf 71' lang='lat' dir='ltr'>Anyeleyenheit</span> <span class='ocrx_word' id='word_1_165' title='bbox 2234 2283 2840 2348; x_wconf 70' lang='lat' dir='ltr'>Parma-Placenza</span> <span class='ocrx_word' id='word_1_166' title='bbox 2887 2305 2996 2348; x_wconf 72' lang='lat' dir='ltr'>vor</span> <span class='ocrx_word' id='word_1_167' title='bbox 3042 2285 3179 2348; x_wconf 47' lang='lat' dir='ltr'>dem,</span> 
     </span>
     <span class='ocr_line' id='line_1_17' title="bbox 512 2391 3182 2474; baseline -0.001 -18"><span class='ocrx_word' id='word_1_168' title='bbox 512 2393 1031 2471; x_wconf 76' lang='lat' dir='ltr'>Konsistorium;</span> <span class='ocrx_word' id='word_1_169' title='bbox 1092 2391 1504 2474; x_wconf 68' lang='lat' dir='ltr'>Verleyenheit</span> <span class='ocrx_word' id='word_1_170' title='bbox 1548 2392 1654 2456; x_wconf 80' lang='lat' dir='ltr'>des</span> <span class='ocrx_word' id='word_1_171' title='bbox 1701 2392 2016 2470; x_wconf 75' lang='lat' dir='ltr'>Nuntius,</span> <span class='ocrx_word' id='word_1_172' title='bbox 2073 2392 2184 2456; x_wconf 79' lang='lat' dir='ltr'>der</span> <span class='ocrx_word' id='word_1_173' title='bbox 2228 2392 2382 2456; x_wconf 79' lang='lat' dir='ltr'>ohne</span> <span class='ocrx_word' id='word_1_174' title='bbox 2429 2392 2778 2455; x_wconf 76' lang='lat' dir='ltr'>Nachricht</span> <span class='ocrx_word' id='word_1_175' title='bbox 2823 2393 2925 2456; x_wconf 77' lang='lat' dir='ltr'>ist.</span> <span class='ocrx_word' id='word_1_176' title='bbox 3019 2393 3182 2454; x_wconf 82' lang='lat'><strong><em>1545</em></strong></span> 
     </span>
     <span class='ocr_line' id='line_1_18' title="bbox 509 2499 1637 2582; baseline -0.001 -19"><span class='ocrx_word' id='word_1_177' title='bbox 509 2499 769 2582; x_wconf 74' lang='lat' dir='ltr'>Auyust</span> <span class='ocrx_word' id='word_1_178' title='bbox 812 2503 898 2562; x_wconf 80' lang='lat'>30</span> <span class='ocrx_word' id='word_1_179' title='bbox 943 2499 1229 2564; x_wconf 67' lang='lat' dir='ltr'>Brilssel.</span> <span class='ocrx_word' id='word_1_180' title='bbox 1634 2519 1637 2522; x_wconf 67' lang='grc'><em>’</em></span> 
     </span>
    </p>
   </div>
   <div class='ocr_carea' id='block_1_5' title="bbox 658 2639 3182 2805">
    <p class='ocr_par' dir='ltr' id='par_1_6' title="bbox 658 2639 3182 2805">
     <span class='ocr_line' id='line_1_19' title="bbox 658 2639 3182 2712; baseline -0 -16"><span class='ocrx_word' id='word_1_181' title='bbox 658 2645 782 2696; x_wconf 71' lang='lat' dir='ltr'>Aua</span> <span class='ocrx_word' id='word_1_182' title='bbox 819 2643 1062 2712; x_wconf 73' lang='lat' dir='ltr'>Neapel‚</span> <span class='ocrx_word' id='word_1_183' title='bbox 1104 2642 1334 2697; x_wconf 77' lang='lat' dir='ltr'>Grande</span> <span class='ocrx_word' id='word_1_184' title='bbox 1374 2641 1637 2696; x_wconf 60' lang='lat' dir='ltr'>Archiv-io</span> <span class='ocrx_word' id='word_1_185' title='bbox 1673 2640 1838 2696; x_wconf 85' lang='lat' dir='ltr'>Cartc</span> <span class='ocrx_word' id='word_1_186' title='bbox 1876 2639 2209 2695; x_wconf 80' lang='lat' dir='ltr'>Parnesiane</span> <span class='ocrx_word' id='word_1_187' title='bbox 2257 2640 2393 2695; x_wconf 84' lang='lat' dir='ltr'>fasc.</span> <span class='ocrx_word' id='word_1_188' title='bbox 2434 2642 2538 2695; x_wconf 79' lang='lat'>746</span> <span class='ocrx_word' id='word_1_189' title='bbox 2584 2641 2786 2710; x_wconf 73' lang='lat' dir='ltr'>eiqenh.</span> <span class='ocrx_word' id='word_1_190' title='bbox 2830 2641 2999 2709; x_wconf 52' lang='lat' dir='ltr'>Oria,</span> <span class='ocrx_word' id='word_1_191' title='bbox 3057 2641 3182 2695; x_wconf 59' lang='lat' dir='ltr'>rich</span> 
     </span>
     <span class='ocr_line' id='line_1_20' title="bbox 725 2730 1771 2805; baseline -0.001 -20"><span class='ocrx_word' id='word_1_192' title='bbox 725 2732 812 2786; x_wconf 90' lang='lat' dir='ltr'>nel</span> <span class='ocrx_word' id='word_1_193' title='bbox 852 2731 1088 2805; x_wconf 82' lang='lat' dir='ltr'>Pregaio</span> <span class='ocrx_word' id='word_1_194' title='bbox 1124 2732 1218 2785; x_wconf 87' lang='lat' dir='ltr'>alli</span> <span class='ocrx_word' id='word_1_195' title='bbox 1261 2731 1326 2787; x_wconf 86' lang='grc'>17</span> <span class='ocrx_word' id='word_1_196' title='bbox 1363 2732 1417 2784; x_wconf 86' lang='lat' dir='ltr'>di</span> <span class='ocrx_word' id='word_1_197' title='bbox 1458 2730 1771 2785; x_wconf 83' lang='lat' dir='ltr'>settembre.</span> 
     </span>
    </p>
   </div>
   <div class='ocr_carea' id='block_1_6' title="bbox 422 2855 3182 3265">
    <p class='ocr_par' dir='ltr' id='par_1_7' title="bbox 422 2855 3182 3265">
     <span class='ocr_line' id='line_1_21' title="bbox 422 2855 3182 2942; baseline 0 -22"><span class='ocrx_word' id='word_1_198' title='bbox 422 2870 491 2921; x_wconf 76' lang='lat'>20</span> <span class='ocrx_word' id='word_1_199' title='bbox 691 2857 871 2921; x_wconf 86' lang='lat' dir='ltr'>Hieri</span> <span class='ocrx_word' id='word_1_200' title='bbox 918 2880 985 2922; x_wconf 92' lang='lat' dir='ltr'>se</span> <span class='ocrx_word' id='word_1_201' title='bbox 1031 2859 1253 2922; x_wconf 86' lang='lat' dir='ltr'>scrisse</span> <span class='ocrx_word' id='word_1_202' title='bbox 1297 2857 1379 2922; x_wconf 87' lang='lat' dir='ltr'>ad</span> <span class='ocrx_word' id='word_1_203' title='bbox 1430 2857 1806 2922; x_wconf 80' lang='lat' dir='ltr'>sufficientia</span> <span class='ocrx_word' id='word_1_204' title='bbox 1854 2907 1866 2919; x_wconf 89' lang='lat'><strong>.</strong></span> <span class='ocrx_word' id='word_1_205' title='bbox 1902 2911 1913 2923; x_wconf 91' lang='lat'><strong>.</strong></span> <span class='ocrx_word' id='word_1_206' title='bbox 1954 2881 2002 2939; x_wconf 85' lang='lat'>.;</span> <span class='ocrx_word' id='word_1_207' title='bbox 2064 2865 2287 2942; x_wconf 84' lang='lat' dir='ltr'>questa</span> <span class='ocrx_word' id='word_1_208' title='bbox 2332 2858 2475 2922; x_wconf 67' lang='lat' dir='ltr'>sara</span> <span class='ocrx_word' id='word_1_209' title='bbox 2521 2855 2651 2920; x_wconf 87' lang='lat' dir='ltr'>solo</span> <span class='ocrx_word' id='word_1_210' title='bbox 2698 2879 2809 2942; x_wconf 88' lang='lat' dir='ltr'>per</span> <span class='ocrx_word' id='word_1_211' title='bbox 2839 2857 2973 2921; x_wconf 90' lang='lat' dir='ltr'>dire</span> <span class='ocrx_word' id='word_1_212' title='bbox 3005 2880 3182 2921; x_wconf 87' lang='lat' dir='ltr'>come</span> 
     </span>
     <span class='ocr_line' id='line_1_22' title="bbox 512 2962 3181 3049; baseline 0.001 -23"><span class='ocrx_word' id='word_1_213' title='bbox 512 2964 738 3049; x_wconf 87' lang='lat' dir='ltr'>cinque</span> <span class='ocrx_word' id='word_1_214' title='bbox 783 2962 933 3027; x_wconf 88' lang='lat' dir='ltr'>mila</span> <span class='ocrx_word' id='word_1_215' title='bbox 980 2964 1137 3028; x_wconf 83' lang='lat' dir='ltr'>fanti</span> <span class='ocrx_word' id='word_1_216' title='bbox 1184 2962 1504 3028; x_wconf 87' lang='lat' dir='ltr'>thedeschi</span> <span class='ocrx_word' id='word_1_217' title='bbox 1568 2986 1765 3028; x_wconf 88' lang='lat' dir='ltr'>sonno</span> <span class='ocrx_word' id='word_1_218' title='bbox 1826 2965 2056 3027; x_wconf 87' lang='lat' dir='ltr'>entrati</span> <span class='ocrx_word' id='word_1_219' title='bbox 2117 2964 2180 3026; x_wconf 89' lang='lat' dir='ltr'>in</span> <span class='ocrx_word' id='word_1_220' title='bbox 2232 2963 2486 3028; x_wconf 90' lang='lat' dir='ltr'>Verden</span> <span class='ocrx_word' id='word_1_221' title='bbox 2546 2986 2663 3027; x_wconf 86' lang='lat' dir='ltr'>con</span> <span class='ocrx_word' id='word_1_222' title='bbox 2712 2966 2799 3027; x_wconf 87' lang='lat' dir='ltr'>sei</span> <span class='ocrx_word' id='word_1_223' title='bbox 2849 2973 3033 3029; x_wconf 88' lang='lat' dir='ltr'>cento</span> <span class='ocrx_word' id='word_1_224' title='bbox 3081 2988 3181 3028; x_wconf 86' lang='lat' dir='ltr'>ca·</span> 
     </span>
     <span class='ocr_line' id='line_1_23' title="bbox 512 3069 3182 3158; baseline 0.001 -25"><span class='ocrx_word' id='word_1_225' title='bbox 512 3069 680 3152; x_wconf 81' lang='lat' dir='ltr'>valli,</span> <span class='ocrx_word' id='word_1_226' title='bbox 728 3071 892 3135; x_wconf 86' lang='lat' dir='ltr'>dove</span> <span class='ocrx_word' id='word_1_227' title='bbox 939 3078 1355 3158; x_wconf 82' lang='lat' dir='ltr'>aspettavano</span> <span class='ocrx_word' id='word_1_228' title='bbox 1404 3082 1484 3137; x_wconf 83' lang='lat'>21</span> <span class='ocrx_word' id='word_1_229' title='bbox 1537 3069 1695 3135; x_wconf 88' lang='lat' dir='ltr'>altre</span> <span class='ocrx_word' id='word_1_230' title='bbox 1744 3070 2046 3134; x_wconf 85' lang='lat' dir='ltr'>bandiere</span> <span class='ocrx_word' id='word_1_231' title='bbox 2092 3078 2155 3134; x_wconf 88' lang='lat' dir='ltr'>et</span> <span class='ocrx_word' id='word_1_232' title='bbox 2200 3069 2323 3134; x_wconf 89' lang='lat' dir='ltr'>due</span> <span class='ocrx_word' id='word_1_233' title='bbox 2355 3070 2506 3135; x_wconf 87' lang='lat' dir='ltr'>mila</span> <span class='ocrx_word' id='word_1_234' title='bbox 2537 3070 2785 3153; x_wconf 84' lang='lat' dir='ltr'>cavalli,</span> <span class='ocrx_word' id='word_1_235' title='bbox 2833 3073 2913 3135; x_wconf 77' lang='lat' dir='ltr'>ne</span> <span class='ocrx_word' id='word_1_236' title='bbox 2955 3072 3182 3136; x_wconf 90' lang='lat' dir='ltr'>dicono</span> 
     </span>
     <span class='ocr_line' id='line_1_24' title="bbox 512 3176 3182 3265; baseline 0 -24"><span class='ocrx_word' id='word_1_237' title='bbox 512 3177 885 3243; x_wconf 87' lang='lat' dir='ltr'>altramente</span> <span class='ocrx_word' id='word_1_238' title='bbox 932 3177 1013 3242; x_wconf 92' lang='lat' dir='ltr'>ad</span> <span class='ocrx_word' id='word_1_239' title='bbox 1063 3178 1165 3243; x_wconf 90' lang='lat' dir='ltr'>chi</span> <span class='ocrx_word' id='word_1_240' title='bbox 1212 3180 1262 3243; x_wconf 89' lang='lat' dir='ltr'>si</span> <span class='ocrx_word' id='word_1_241' title='bbox 1310 3200 1594 3243; x_wconf 81' lang='lat' dir='ltr'>servanO.</span> <span class='ocrx_word' id='word_1_242' title='bbox 1661 3177 1738 3242; x_wconf 90' lang='lat' dir='ltr'>ho</span> <span class='ocrx_word' id='word_1_243' title='bbox 1787 3176 1998 3243; x_wconf 81' lang='lat' dir='ltr'>voluto</span> <span class='ocrx_word' id='word_1_244' title='bbox 2044 3179 2148 3263; x_wconf 88' lang='lat' dir='ltr'>poi</span> <span class='ocrx_word' id='word_1_245' title='bbox 2199 3200 2455 3242; x_wconf 86' lang='lat' dir='ltr'>cereare</span> <span class='ocrx_word' id='word_1_246' title='bbox 2502 3178 2566 3243; x_wconf 85' lang='lat' dir='ltr'>di</span> <span class='ocrx_word' id='word_1_247' title='bbox 2608 3185 2905 3265; x_wconf 85' lang='lat' dir='ltr'>penetrar</span> <span class='ocrx_word' id='word_1_248' title='bbox 2934 3177 3182 3264; x_wconf 88' lang='lat' dir='ltr'>meglio,</span> 
     </span>
    </p>
   </div>
   <div class='ocr_carea' id='block_1_7' title="bbox 612 3326 835 3332">
    <p class='ocr_par' dir='ltr' id='par_1_8' title="bbox 612 3326 835 3332">
     <span class='ocr_line' id='line_1_25' title="bbox 612 3326 835 3332; baseline 0 0"><span class='ocrx_word' id='word_1_249' title='bbox 612 3326 835 3332; x_wconf 95' lang='lat' dir='ltr'> </span> 
     </span>
    </p>
   </div>
   <div class='ocr_carea' id='block_1_8' title="bbox 421 3408 3190 4911">
    <p class='ocr_par' dir='ltr' id='par_1_9' title="bbox 421 3408 3190 4911">
     <span class='ocr_line' id='line_1_26' title="bbox 661 3408 3181 3480; baseline -0 -16"><span class='ocrx_word' id='word_1_250' title='bbox 661 3411 699 3479; x_wconf 85' lang='lat'>¹)</span> <span class='ocrx_word' id='word_1_251' title='bbox 738 3411 901 3467; x_wconf 78' lang='lat' dir='ltr'>Nach</span> <span class='ocrx_word' id='word_1_252' title='bbox 938 3411 1057 3466; x_wconf 81' lang='lat' dir='ltr'>dem</span> <span class='ocrx_word' id='word_1_253' title='bbox 1091 3429 1206 3466; x_wconf 81' lang='lat' dir='ltr'>was</span> <span class='ocrx_word' id='word_1_254' title='bbox 1243 3411 1505 3480; x_wconf 36' lang='lat' dir='ltr'>Gai-&lt;man</span> <span class='ocrx_word' id='word_1_255' title='bbox 1543 3411 1663 3464; x_wconf 80' lang='lat' dir='ltr'>dem</span> <span class='ocrx_word' id='word_1_256' title='bbox 1712 3409 2165 3465; x_wconf 65' lang='lat' dir='ltr'>Venetiannzschen</span> <span class='ocrx_word' id='word_1_257' title='bbox 2205 3411 2526 3465; x_wconf 78' lang='lat' dir='ltr'>Gesandten</span> <span class='ocrx_word' id='word_1_258' title='bbox 2561 3417 2715 3480; x_wconf 73' lang='lat' dir='ltr'>saqte</span> <span class='ocrx_word' id='word_1_259' title='bbox 2754 3408 2818 3480; x_wconf 81' lang='lat' dir='ltr'>(s.</span> <span class='ocrx_word' id='word_1_260' title='bbox 2851 3411 3039 3466; x_wconf 67' lang='lat' dir='ltr'>classen</span> <span class='ocrx_word' id='word_1_261' title='bbox 3077 3411 3181 3464; x_wconf 85' lang='lat' dir='ltr'>Be-</span> 
     </span>
     <span class='ocr_line' id='line_1_27' title="bbox 421 3499 3181 3571; baseline -0 -17"><span class='ocrx_word' id='word_1_262' title='bbox 421 3503 489 3554; x_wconf 74' lang='lat'>25</span> <span class='ocrx_word' id='word_1_263' title='bbox 507 3500 653 3554; x_wconf 82' lang='lat' dir='ltr'>richt</span> <span class='ocrx_word' id='word_1_264' title='bbox 689 3518 807 3555; x_wconf 84' lang='lat' dir='ltr'>vom</span> <span class='ocrx_word' id='word_1_265' title='bbox 844 3503 937 3568; x_wconf 78' lang='lat' dir='ltr'>1l2</span> <span class='ocrx_word' id='word_1_266' title='bbox 975 3501 1318 3571; x_wconf 76' lang='lat' dir='ltr'>September),</span> <span class='ocrx_word' id='word_1_267' title='bbox 1370 3501 1521 3554; x_wconf 80' lang='lat' dir='ltr'>hatte</span> <span class='ocrx_word' id='word_1_268' title='bbox 1558 3500 1631 3554; x_wconf 89' lang='lat' dir='ltr'>K.</span> <span class='ocrx_word' id='word_1_269' title='bbox 1668 3499 1863 3553; x_wconf 66' lang='lat' dir='ltr'>Franz</span> <span class='ocrx_word' id='word_1_270' title='bbox 1900 3500 2202 3553; x_wconf 74' lang='lat' dir='ltr'>Anne&#39;baut</span> <span class='ocrx_word' id='word_1_271' title='bbox 2246 3500 2549 3569; x_wconf 75' lang='lat' dir='ltr'>allerdinqs</span> <span class='ocrx_word' id='word_1_272' title='bbox 2585 3518 2690 3555; x_wconf 78' lang='lat' dir='ltr'>von</span> <span class='ocrx_word' id='word_1_273' title='bbox 2727 3500 2825 3554; x_wconf 76' lang='lat' dir='ltr'>der</span> <span class='ocrx_word' id='word_1_274' title='bbox 2861 3501 2922 3555; x_wconf 85' lang='lat' dir='ltr'><em>F</em></span> <span class='ocrx_word' id='word_1_275' title='bbox 2921 3502 3052 3555; x_wconf 80' lang='lat' dir='ltr'>lotte</span> <span class='ocrx_word' id='word_1_276' title='bbox 3086 3502 3181 3553; x_wconf 85' lang='lat' dir='ltr'>ab·</span> 
     </span>
     <span class='ocr_line' id='line_1_28' title="bbox 512 3588 3180 3660; baseline -0 -16"><span class='ocrx_word' id='word_1_277' title='bbox 512 3590 759 3656; x_wconf 74' lang='lat' dir='ltr'>berusen,</span> <span class='ocrx_word' id='word_1_278' title='bbox 797 3590 937 3644; x_wconf 75' lang='lat' dir='ltr'>doch</span> <span class='ocrx_word' id='word_1_279' title='bbox 963 3606 1062 3660; x_wconf 89' lang='lat' dir='ltr'>per</span> <span class='ocrx_word' id='word_1_280' title='bbox 1088 3590 1310 3644; x_wconf 87' lang='lat' dir='ltr'>haverlo</span> <span class='ocrx_word' id='word_1_281' title='bbox 1336 3606 1525 3659; x_wconf 85' lang='lat' dir='ltr'>presso</span> <span class='ocrx_word' id='word_1_282' title='bbox 1544 3589 1599 3642; x_wconf 85' lang='lat' dir='ltr'>di</span> <span class='ocrx_word' id='word_1_283' title='bbox 1629 3605 1687 3642; x_wconf 86' lang='lat' dir='ltr'>se</span> <span class='ocrx_word' id='word_1_284' title='bbox 1712 3595 1768 3642; x_wconf 86' lang='lat' dir='ltr'>et</span> <span class='ocrx_word' id='word_1_285' title='bbox 1793 3588 1992 3642; x_wconf 85' lang='lat' dir='ltr'>valersi</span> <span class='ocrx_word' id='word_1_286' title='bbox 2020 3588 2109 3642; x_wconf 89' lang='lat' dir='ltr'>del</span> <span class='ocrx_word' id='word_1_287' title='bbox 2139 3589 2406 3659; x_wconf 80' lang='lat' dir='ltr'>consiglio</span> <span class='ocrx_word' id='word_1_288' title='bbox 2435 3596 2491 3643; x_wconf 85' lang='lat' dir='ltr'>et</span> <span class='ocrx_word' id='word_1_289' title='bbox 2518 3607 2686 3659; x_wconf 84' lang='lat' dir='ltr'>opera</span> <span class='ocrx_word' id='word_1_290' title='bbox 2722 3608 2848 3654; x_wconf 84' lang='lat' dir='ltr'>sua3</span> <span class='ocrx_word' id='word_1_291' title='bbox 2890 3590 2997 3643; x_wconf 78' lang='lat' dir='ltr'>den</span> <span class='ocrx_word' id='word_1_292' title='bbox 3020 3590 3180 3644; x_wconf 84' lang='lat' dir='ltr'>Ober-</span> 
     </span>
     <span class='ocr_line' id='line_1_29' title="bbox 513 3676 3180 3746; baseline 0 -14"><span class='ocrx_word' id='word_1_293' title='bbox 513 3678 688 3744; x_wconf 78' lang='lat' dir='ltr'>befehl</span> <span class='ocrx_word' id='word_1_294' title='bbox 721 3678 885 3744; x_wconf 61' lang='lat' dir='ltr'>faho-e</span> <span class='ocrx_word' id='word_1_295' title='bbox 910 3678 1047 3745; x_wconf 75' lang='lat' dir='ltr'>jctzt</span> <span class='ocrx_word' id='word_1_296' title='bbox 1084 3678 1182 3732; x_wconf 82' lang='lat' dir='ltr'>der</span> <span class='ocrx_word' id='word_1_297' title='bbox 1217 3678 1394 3732; x_wconf 67' lang='lat' dir='ltr'>Farst</span> <span class='ocrx_word' id='word_1_298' title='bbox 1430 3694 1537 3731; x_wconf 70' lang='lat' dir='ltr'>von</span> <span class='ocrx_word' id='word_1_299' title='bbox 1573 3678 1730 3743; x_wconf 76' lang='lat' dir='ltr'>Melfi</span> <span class='ocrx_word' id='word_1_300' title='bbox 1765 3676 2030 3746; x_wconf 81' lang='lat' dir='ltr'>[Andrea</span> <span class='ocrx_word' id='word_1_301' title='bbox 2058 3676 2292 3746; x_wconf 78' lang='lat' dir='ltr'>DoriaJ.</span> <span class='ocrx_word' id='word_1_302' title='bbox 2324 3708 2388 3716; x_wconf 89' lang='lat'>—</span> <span class='ocrx_word' id='word_1_303' title='bbox 2427 3679 2539 3733; x_wconf 77' lang='lat' dir='ltr'>Die</span> <span class='ocrx_word' id='word_1_304' title='bbox 2582 3679 2767 3733; x_wconf 75' lang='lat' dir='ltr'>ontte</span> <span class='ocrx_word' id='word_1_305' title='bbox 2807 3685 2972 3733; x_wconf 71' lang='lat' dir='ltr'>anter</span> <span class='ocrx_word' id='word_1_306' title='bbox 2999 3680 3180 3733; x_wconf 70' lang='lat' dir='ltr'>Anne?-</span> 
     </span>
     <span class='ocr_line' id='line_1_30' title="bbox 512 3763 3184 3838; baseline 0.001 -18"><span class='ocrx_word' id='word_1_307' title='bbox 512 3768 649 3821; x_wconf 77' lang='lat' dir='ltr'>baut</span> <span class='ocrx_word' id='word_1_308' title='bbox 685 3784 829 3833; x_wconf 84' lang='lat' dir='ltr'>war,</span> <span class='ocrx_word' id='word_1_309' title='bbox 878 3767 1145 3821; x_wconf 76' lang='lat' dir='ltr'>nachdem</span> <span class='ocrx_word' id='word_1_310' title='bbox 1190 3768 1268 3821; x_wconf 71' lang='lat'>81&#39;6</span> <span class='ocrx_word' id='word_1_311' title='bbox 1317 3768 1455 3821; x_wconf 78' lang='lat' dir='ltr'>ohne</span> <span class='ocrx_word' id='word_1_312' title='bbox 1489 3763 1722 3836; x_wconf 70' lang='lat' dir='ltr'>qrossere</span> <span class='ocrx_word' id='word_1_313' title='bbox 1758 3766 1989 3834; x_wconf 74' lang='lat' dir='ltr'>Erfolye</span> <span class='ocrx_word' id='word_1_314' title='bbox 2027 3766 2159 3820; x_wconf 81' lang='lat' dir='ltr'>oder</span> <span class='ocrx_word' id='word_1_315' title='bbox 2206 3766 2450 3821; x_wconf 75' lang='lat' dir='ltr'>Verluste</span> <span class='ocrx_word' id='word_1_316' title='bbox 2487 3770 2646 3821; x_wconf 76' lang='lat' dir='ltr'>einen</span> <span class='ocrx_word' id='word_1_317' title='bbox 2684 3769 2888 3823; x_wconf 79' lang='lat' dir='ltr'>Monat</span> <span class='ocrx_word' id='word_1_318' title='bbox 2925 3769 3058 3838; x_wconf 70' lang='lat' dir='ltr'>lanq</span> <span class='ocrx_word' id='word_1_319' title='bbox 3097 3769 3184 3822; x_wconf 81' lang='lat' dir='ltr'>die</span> 
     </span>
     <span class='ocr_line' id='line_1_31' title="bbox 512 3856 3186 3926; baseline 0 -16"><span class='ocrx_word' id='word_1_320' title='bbox 512 3857 610 3911; x_wconf 84' lang='lat' dir='ltr'>See</span> <span class='ocrx_word' id='word_1_321' title='bbox 643 3857 901 3926; x_wconf 68' lang='lat' dir='ltr'>yehalten</span> <span class='ocrx_word' id='word_1_322' title='bbox 936 3857 1059 3911; x_wconf 77' lang='lat' dir='ltr'>und</span> <span class='ocrx_word' id='word_1_323' title='bbox 1096 3856 1185 3910; x_wconf 80' lang='lat' dir='ltr'>die</span> <span class='ocrx_word' id='word_1_324' title='bbox 1221 3857 1531 3926; x_wconf 74' lang='lat' dir='ltr'>enylischen</span> <span class='ocrx_word' id='word_1_325' title='bbox 1567 3857 1787 3911; x_wconf 62' lang='lat' dir='ltr'>Kriste‘n</span> <span class='ocrx_word' id='word_1_326' title='bbox 1823 3856 2048 3910; x_wconf 79' lang='lat' dir='ltr'>bedroht</span> <span class='ocrx_word' id='word_1_327' title='bbox 2083 3856 2261 3923; x_wconf 76' lang='lat' dir='ltr'>hatte,</span> <span class='ocrx_word' id='word_1_328' title='bbox 2299 3874 2389 3910; x_wconf 82' lang='lat' dir='ltr'>am</span> <span class='ocrx_word' id='word_1_329' title='bbox 2425 3861 2492 3911; x_wconf 87' lang='lat'>16</span> <span class='ocrx_word' id='word_1_330' title='bbox 2531 3859 2754 3926; x_wconf 76' lang='lat' dir='ltr'>Anyust</span> <span class='ocrx_word' id='word_1_331' title='bbox 2789 3858 2999 3925; x_wconf 75' lang='lat' dir='ltr'>insolye</span> <span class='ocrx_word' id='word_1_332' title='bbox 3036 3859 3186 3911; x_wconf 78' lang='lat' dir='ltr'>einer</span> 
     </span>
     <span class='ocr_line' id='line_1_32' title="bbox 422 3946 3186 4015; baseline 0 -14"><span class='ocrx_word' id='word_1_333' title='bbox 422 3950 492 4001; x_wconf 83' lang='lat'>30</span> <span class='ocrx_word' id='word_1_334' title='bbox 513 3947 629 4012; x_wconf 78' lang='lat' dir='ltr'>auf</span> <span class='ocrx_word' id='word_1_335' title='bbox 677 3947 786 4000; x_wconf 78' lang='lat' dir='ltr'>den</span> <span class='ocrx_word' id='word_1_336' title='bbox 840 3946 1088 4012; x_wconf 76' lang='lat' dir='ltr'>Schiffen</span> <span class='ocrx_word' id='word_1_337' title='bbox 1141 3946 1588 4000; x_wconf 76' lang='lat' dir='ltr'>ausbrechenden</span> <span class='ocrx_word' id='word_1_338' title='bbox 1637 3946 2018 4014; x_wconf 74' lang='lat' dir='ltr'>yesc‘ihrlichen</span> <span class='ocrx_word' id='word_1_339' title='bbox 2069 3946 2276 4001; x_wconf 79' lang='lat' dir='ltr'>Seuche</span> <span class='ocrx_word' id='word_1_340' title='bbox 2321 3948 2757 4001; x_wconf 54' lang='grc' dir='ltr'>πνικτή-ἰώπων</span> <span class='ocrx_word' id='word_1_341' title='bbox 2805 3947 2991 4015; x_wconf 72' lang='lat' dir='ltr'>Dinye</span> <span class='ocrx_word' id='word_1_342' title='bbox 3039 3949 3186 4001; x_wconf 78' lang='lat' dir='ltr'>nach</span> 
     </span>
     <span class='ocr_line' id='line_1_33' title="bbox 510 4035 3148 4107; baseline -0 -17"><span class='ocrx_word' id='word_1_343' title='bbox 510 4036 858 4090; x_wconf 66' lang='lat' dir='ltr'>F&#39;rankreich</span> <span class='ocrx_word' id='word_1_344' title='bbox 893 4036 1341 4105; x_wconf 68' lang='lat' dir='ltr'>zuriae&#39;ckqeseyelt.</span> <span class='ocrx_word' id='word_1_345' title='bbox 1407 4035 1654 4101; x_wconf 75' lang='lat' dir='ltr'>Fronde,</span> <span class='ocrx_word' id='word_1_346' title='bbox 1692 4035 1928 4105; x_wconf 75' lang='lat' dir='ltr'>History</span> <span class='ocrx_word' id='word_1_347' title='bbox 1965 4035 2036 4100; x_wconf 78' lang='lat' dir='ltr'>os</span> <span class='ocrx_word' id='word_1_348' title='bbox 2065 4035 2335 4105; x_wconf 70' lang='lat' dir='ltr'>Enyland</span> <span class='ocrx_word' id='word_1_349' title='bbox 2373 4038 2453 4091; x_wconf 77' lang='lat' dir='ltr'>ch.</span> <span class='ocrx_word' id='word_1_350' title='bbox 2489 4041 2581 4103; x_wconf 88' lang='grc'>22,</span> <span class='ocrx_word' id='word_1_351' title='bbox 2618 4038 2721 4091; x_wconf 81' lang='lat' dir='ltr'>vol.</span> <span class='ocrx_word' id='word_1_352' title='bbox 2753 4040 2787 4089; x_wconf 79' lang='lat'><strong><em>4</em></strong></span> <span class='ocrx_word' id='word_1_353' title='bbox 2815 4056 2875 4107; x_wconf 77' lang='lat' dir='ltr'>p.</span> <span class='ocrx_word' id='word_1_354' title='bbox 2912 4040 3022 4091; x_wconf 77' lang='lat'>257</span> <span class='ocrx_word' id='word_1_355' title='bbox 3039 4054 3148 4106; x_wconf 78' lang='lat' dir='ltr'>sqq.</span> 
     </span>
     <span class='ocr_line' id='line_1_34' title="bbox 657 4123 3187 4196; baseline 0 -17"><span class='ocrx_word' id='word_1_356' title='bbox 657 4124 697 4192; x_wconf 77' lang='lat'>²)</span> <span class='ocrx_word' id='word_1_357' title='bbox 736 4126 1035 4194; x_wconf 78' lang='lat' dir='ltr'>Navayero</span> <span class='ocrx_word' id='word_1_358' title='bbox 1073 4126 1335 4179; x_wconf 80' lang='lat' dir='ltr'>berichtet</span> <span class='ocrx_word' id='word_1_359' title='bbox 1372 4141 1460 4177; x_wconf 84' lang='lat' dir='ltr'>am</span> <span class='ocrx_word' id='word_1_360' title='bbox 1495 4128 1568 4177; x_wconf 83' lang='lat'>23</span> <span class='ocrx_word' id='word_1_361' title='bbox 1607 4125 1829 4193; x_wconf 74' lang='lat' dir='ltr'>Auqust</span> <span class='ocrx_word' id='word_1_362' title='bbox 1879 4125 1965 4178; x_wconf 78' lang='lat' dir='ltr'>als</span> <span class='ocrx_word' id='word_1_363' title='bbox 2014 4125 2359 4193; x_wconf 75' lang='lat' dir='ltr'>allqemeines</span> <span class='ocrx_word' id='word_1_364' title='bbox 2398 4127 2679 4196; x_wconf 77' lang='lat' dir='ltr'>Gesprc&#39;ich</span> <span class='ocrx_word' id='word_1_365' title='bbox 2713 4144 2804 4180; x_wconf 87' lang='lat' dir='ltr'>am</span> <span class='ocrx_word' id='word_1_366' title='bbox 2839 4126 3021 4194; x_wconf 81' lang='lat' dir='ltr'>Hose,</span> <span class='ocrx_word' id='word_1_367' title='bbox 3067 4123 3187 4194; x_wconf 81' lang='lat' dir='ltr'>dafl</span> 
     </span>
     <span class='ocr_line' id='line_1_35' title="bbox 514 4211 3187 4279; baseline 0.001 -12"><span class='ocrx_word' id='word_1_368' title='bbox 514 4213 612 4269; x_wconf 83' lang='lat' dir='ltr'>der</span> <span class='ocrx_word' id='word_1_369' title='bbox 648 4214 854 4268; x_wconf 69' lang='lat' dir='ltr'>Kaisar</span> <span class='ocrx_word' id='word_1_370' title='bbox 900 4214 1032 4268; x_wconf 77' lang='lat' dir='ltr'><strong><em>bald</em></strong></span> <span class='ocrx_word' id='word_1_371' title='bbox 1080 4215 1226 4268; x_wconf 76' lang='lat' dir='ltr'>nach</span> <span class='ocrx_word' id='word_1_372' title='bbox 1276 4213 1526 4268; x_wconf 74' lang='lat' dir='ltr'>Holland</span> <span class='ocrx_word' id='word_1_373' title='bbox 1579 4211 1918 4279; x_wconf 75' lang='lat' dir='ltr'>aufbrechen</span> <span class='ocrx_word' id='word_1_374' title='bbox 1967 4214 2088 4269; x_wconf 80' lang='lat' dir='ltr'>und</span> <span class='ocrx_word' id='word_1_375' title='bbox 2136 4215 2200 4268; x_wconf 77' lang='lat' dir='ltr'>in</span> <span class='ocrx_word' id='word_1_376' title='bbox 2251 4214 2356 4268; x_wconf 72' lang='lat' dir='ltr'>den</span> <span class='ocrx_word' id='word_1_377' title='bbox 2393 4215 2718 4270; x_wconf 73' lang='lat' dir='ltr'>no&#39;rdlt&#39;chen</span> <span class='ocrx_word' id='word_1_378' title='bbox 2753 4216 3060 4270; x_wconf 70' lang='lat' dir='ltr'>Provinzen</span> <span class='ocrx_word' id='word_1_379' title='bbox 3098 4216 3187 4269; x_wconf 77' lang='lat' dir='ltr'>die</span> 
     </span>
     <span class='ocr_line' id='line_1_36' title="bbox 513 4303 3187 4374; baseline 0.001 -18"><span class='ocrx_word' id='word_1_380' title='bbox 513 4304 641 4357; x_wconf 71' lang='lat' dir='ltr'>Zeit</span> <span class='ocrx_word' id='word_1_381' title='bbox 678 4305 761 4358; x_wconf 76' lang='lat' dir='ltr'>bis</span> <span class='ocrx_word' id='word_1_382' title='bbox 796 4321 920 4357; x_wconf 72' lang='lat' dir='ltr'>zum</span> <span class='ocrx_word' id='word_1_383' title='bbox 958 4303 1250 4358; x_wconf 74' lang='lat' dir='ltr'>Dezember</span> <span class='ocrx_word' id='word_1_384' title='bbox 1286 4304 1617 4372; x_wconf 70' lang='lat' dir='ltr'>hinbrinqen</span> <span class='ocrx_word' id='word_1_385' title='bbox 1653 4304 1859 4369; x_wconf 55' lang='grc' dir='ltr'>ψαύω</span> <span class='ocrx_word' id='word_1_386' title='bbox 1896 4322 1987 4357; x_wconf 82' lang='lat' dir='ltr'>am</span> <span class='ocrx_word' id='word_1_387' title='bbox 2022 4307 2114 4359; x_wconf 85' lang='grc'>29.</span> <span class='ocrx_word' id='word_1_388' title='bbox 2141 4306 2354 4374; x_wconf 78' lang='lat' dir='ltr'>spricht</span> <span class='ocrx_word' id='word_1_389' title='bbox 2390 4322 2449 4359; x_wconf 77' lang='lat' dir='ltr'>cr</span> <span class='ocrx_word' id='word_1_390' title='bbox 2486 4306 2632 4372; x_wconf 74' lang='lat' dir='ltr'>aber,</span> <span class='ocrx_word' id='word_1_391' title='bbox 2670 4307 3187 4361; x_wconf 70' lang='lat' dir='ltr'>ilbereinstimmend</span> 
     </span>
     <span class='ocr_line' id='line_1_37' title="bbox 423 4392 3185 4463; baseline 0 -17"><span class='ocrx_word' id='word_1_392' title='bbox 423 4394 492 4446; x_wconf 83' lang='lat'>35</span> <span class='ocrx_word' id='word_1_393' title='bbox 517 4393 617 4447; x_wconf 78' lang='lat' dir='ltr'>mit</span> <span class='ocrx_word' id='word_1_394' title='bbox 666 4393 911 4460; x_wconf 73' lang='lat' dir='ltr'>Vernllo,</span> <span class='ocrx_word' id='word_1_395' title='bbox 965 4410 1079 4446; x_wconf 71' lang='lat' dir='ltr'>nur</span> <span class='ocrx_word' id='word_1_396' title='bbox 1125 4410 1230 4447; x_wconf 70' lang='lat' dir='ltr'>von</span> <span class='ocrx_word' id='word_1_397' title='bbox 1281 4394 1428 4447; x_wconf 76' lang='lat' dir='ltr'>Gent</span> <span class='ocrx_word' id='word_1_398' title='bbox 1476 4393 1599 4446; x_wconf 81' lang='lat' dir='ltr'>und</span> <span class='ocrx_word' id='word_1_399' title='bbox 1648 4393 1899 4463; x_wconf 59' lang='lat' dir='ltr'>Brffqye,</span> <span class='ocrx_word' id='word_1_400' title='bbox 1955 4410 2055 4447; x_wconf 87' lang='lat' dir='ltr'>ove</span> <span class='ocrx_word' id='word_1_401' title='bbox 2103 4392 2326 4463; x_wconf 71' lang='lat' dir='ltr'>parlara</span> <span class='ocrx_word' id='word_1_402' title='bbox 2370 4411 2404 4447; x_wconf 86' lang='lat' dir='ltr'>a</span> <span class='ocrx_word' id='word_1_403' title='bbox 2451 4395 2585 4448; x_wconf 85' lang='lat' dir='ltr'>tutti</span> <span class='ocrx_word' id='word_1_404' title='bbox 2633 4394 2671 4448; x_wconf 92' lang='lat' dir='ltr'>li</span> <span class='ocrx_word' id='word_1_405' title='bbox 2723 4396 3082 4449; x_wconf 84' lang='lat' dir='ltr'>commissarii</span> <span class='ocrx_word' id='word_1_406' title='bbox 3130 4396 3185 4448; x_wconf 85' lang='lat' dir='ltr'>di</span> 
     </span>
     <span class='ocr_line' id='line_1_38' title="bbox 512 4481 3183 4556; baseline 0.001 -21"><span class='ocrx_word' id='word_1_407' title='bbox 512 4483 693 4553; x_wconf 88' lang='lat' dir='ltr'>questi</span> <span class='ocrx_word' id='word_1_408' title='bbox 733 4483 851 4536; x_wconf 85' lang='lat' dir='ltr'>suoi</span> <span class='ocrx_word' id='word_1_409' title='bbox 889 4483 1020 4537; x_wconf 81' lang='lat' dir='ltr'>stati</span> <span class='ocrx_word' id='word_1_410' title='bbox 1059 4498 1158 4552; x_wconf 90' lang='lat' dir='ltr'>per</span> <span class='ocrx_word' id='word_1_411' title='bbox 1194 4482 1519 4536; x_wconf 87' lang='lat' dir='ltr'>dimandarli</span> <span class='ocrx_word' id='word_1_412' title='bbox 1567 4483 1805 4554; x_wconf 79' lang='lat' dir='ltr'>qualche</span> <span class='ocrx_word' id='word_1_413' title='bbox 1841 4483 2077 4538; x_wconf 84' lang='lat' dir='ltr'>sussidio</span> <span class='ocrx_word' id='word_1_414' title='bbox 2114 4484 2168 4537; x_wconf 87' lang='lat' dir='ltr'>di</span> <span class='ocrx_word' id='word_1_415' title='bbox 2207 4485 2412 4549; x_wconf 83' lang='lat' dir='ltr'>dinari3</span> <span class='ocrx_word' id='word_1_416' title='bbox 2450 4485 2505 4537; x_wconf 89' lang='lat' dir='ltr'>di</span> <span class='ocrx_word' id='word_1_417' title='bbox 2545 4481 2584 4538; x_wconf 89' lang='lat' dir='ltr'>li</span> <span class='ocrx_word' id='word_1_418' title='bbox 2622 4486 2711 4555; x_wconf 89' lang='lat' dir='ltr'>poi</span> <span class='ocrx_word' id='word_1_419' title='bbox 2752 4484 3022 4555; x_wconf 70' lang='lat' dir='ltr'>prender-a</span> <span class='ocrx_word' id='word_1_420' title='bbox 3058 4486 3183 4556; x_wconf 85' lang='lat' dir='ltr'>quel</span> 
     </span>
     <span class='ocr_line' id='line_1_39' title="bbox 514 4567 2419 4643; baseline 0.002 -18"><span class='ocrx_word' id='word_1_421' title='bbox 514 4571 729 4626; x_wconf 86' lang='lat' dir='ltr'>camino</span> <span class='ocrx_word' id='word_1_422' title='bbox 766 4572 869 4626; x_wconf 86' lang='lat' dir='ltr'>che</span> <span class='ocrx_word' id='word_1_423' title='bbox 906 4572 959 4625; x_wconf 91' lang='lat' dir='ltr'>lo</span> <span class='ocrx_word' id='word_1_424' title='bbox 996 4571 1437 4643; x_wconf 82' lang='lat' dir='ltr'>consigliaranno</span> <span class='ocrx_word' id='word_1_425' title='bbox 1474 4572 1513 4625; x_wconf 90' lang='lat' dir='ltr'>il</span> <span class='ocrx_word' id='word_1_426' title='bbox 1549 4579 1735 4642; x_wconf 79' lang='lat' dir='ltr'>tempo</span> <span class='ocrx_word' id='word_1_427' title='bbox 1772 4581 1829 4626; x_wconf 86' lang='lat' dir='ltr'>et</span> <span class='ocrx_word' id='word_1_428' title='bbox 1866 4573 2207 4628; x_wconf 82' lang='lat' dir='ltr'>l&#39;occasione.</span> <span class='ocrx_word' id='word_1_429' title='bbox 2416 4567 2419 4570; x_wconf 39' lang='lat'><strong>⁴</strong></span> 
     </span>
     <span class='ocr_line' id='line_1_40' title="bbox 658 4659 3188 4733; baseline 0.001 -19"><span class='ocrx_word' id='word_1_430' title='bbox 658 4659 697 4729; x_wconf 78' lang='lat'>⁸)</span> <span class='ocrx_word' id='word_1_431' title='bbox 735 4661 849 4715; x_wconf 80' lang='lat' dir='ltr'>Die</span> <span class='ocrx_word' id='word_1_432' title='bbox 897 4662 1325 4730; x_wconf 74' lang='lat' dir='ltr'>Beqlaubiqunq</span> <span class='ocrx_word' id='word_1_433' title='bbox 1365 4661 1463 4716; x_wconf 84' lang='lat' dir='ltr'>der</span> <span class='ocrx_word' id='word_1_434' title='bbox 1500 4662 1752 4730; x_wconf 66' lang='lat' dir='ltr'>Koniyin</span> <span class='ocrx_word' id='word_1_435' title='bbox 1789 4663 1986 4716; x_wconf 67' lang='lat' dir='ltr'>Maria</span> <span class='ocrx_word' id='word_1_436' title='bbox 2024 4664 2142 4729; x_wconf 79' lang='lat' dir='ltr'>auf</span> <span class='ocrx_word' id='word_1_437' title='bbox 2170 4663 2461 4733; x_wconf 77' lang='lat' dir='ltr'>Schepper,</span> <span class='ocrx_word' id='word_1_438' title='bbox 2509 4680 2630 4717; x_wconf 82' lang='lat' dir='ltr'>vom</span> <span class='ocrx_word' id='word_1_439' title='bbox 2667 4668 2729 4716; x_wconf 90' lang='lat'>11</span> <span class='ocrx_word' id='word_1_440' title='bbox 2767 4665 3007 4732; x_wconf 74' lang='lat' dir='ltr'>Auqust,</span> <span class='ocrx_word' id='word_1_441' title='bbox 3044 4681 3084 4717; x_wconf 75' lang='lat' dir='ltr'>s,</span> <span class='ocrx_word' id='word_1_442' title='bbox 3124 4664 3188 4717; x_wconf 75' lang='lat' dir='ltr'>iu</span> 
     </span>
     <span class='ocr_line' id='line_1_41' title="bbox 513 4750 3190 4824; baseline 0.001 -21"><span class='ocrx_word' id='word_1_443' title='bbox 513 4750 624 4803; x_wconf 79' lang='lat' dir='ltr'>den</span> <span class='ocrx_word' id='word_1_444' title='bbox 652 4751 1014 4819; x_wconf 77' lang='lat' dir='ltr'>Statepapers</span> <span class='ocrx_word' id='word_1_445' title='bbox 1042 4751 1104 4804; x_wconf 90' lang='lat' dir='ltr'><em>X</em></span> <span class='ocrx_word' id='word_1_446' title='bbox 1127 4768 1213 4805; x_wconf 77' lang='lat' dir='ltr'>nr.</span> <span class='ocrx_word' id='word_1_447' title='bbox 1244 4755 1415 4819; x_wconf 86' lang='lat'><em>1198;</em></span> <span class='ocrx_word' id='word_1_448' title='bbox 1442 4754 1545 4820; x_wconf 75' lang='lat' dir='ltr'>vyl.</span> <span class='ocrx_word' id='word_1_449' title='bbox 1575 4751 1939 4807; x_wconf 66' lang='lat' dir='ltr'>abendo-solbat</span> <span class='ocrx_word' id='word_1_450' title='bbox 1965 4770 2050 4806; x_wconf 74' lang='lat' dir='ltr'>nr.</span> <span class='ocrx_word' id='word_1_451' title='bbox 2079 4757 2239 4807; x_wconf 89' lang='grc'><em>1202.</em></span> <span class='ocrx_word' id='word_1_452' title='bbox 2304 4754 2465 4807; x_wconf 78' lang='lat' dir='ltr'>Nach</span> <span class='ocrx_word' id='word_1_453' title='bbox 2493 4753 2788 4824; x_wconf 70' lang='lat' dir='ltr'>Namqem</span> <span class='ocrx_word' id='word_1_454' title='bbox 2815 4754 2916 4819; x_wconf 82' lang='grc'>(29</span> <span class='ocrx_word' id='word_1_455' title='bbox 2943 4755 3190 4824; x_wconf 67' lang='lat' dir='ltr'>Anqust)</span> 
     </span>
     <span class='ocr_line' id='line_1_42' title="bbox 422 4840 2062 4911; baseline 0.001 -17"><span class='ocrx_word' id='word_1_456' title='bbox 422 4842 492 4895; x_wconf 83' lang='lat'>40</span> <span class='ocrx_word' id='word_1_457' title='bbox 512 4841 700 4895; x_wconf 72' lang='lat' dir='ltr'>warde</span> <span class='ocrx_word' id='word_1_458' title='bbox 737 4840 880 4895; x_wconf 76' lang='lat' dir='ltr'>diese</span> <span class='ocrx_word' id='word_1_459' title='bbox 920 4843 1341 4911; x_wconf 70' lang='lat' dir='ltr'>Anyeleyenheit</span> <span class='ocrx_word' id='word_1_460' title='bbox 1378 4842 1498 4895; x_wconf 77' lang='lat' dir='ltr'>sehr</span> <span class='ocrx_word' id='word_1_461' title='bbox 1532 4842 1741 4911; x_wconf 63' lang='lat' dir='ltr'>‚qeheim</span> <span class='ocrx_word' id='word_1_462' title='bbox 1778 4843 2062 4896; x_wconf 70' lang='lat' dir='ltr'>betrae&#39;eben.</span> 
     </span>
    </p>
   </div>
  </div>
 </body>
</html>
