3859 5575
1142 452 1237 507 No,
1276 455 1519 509 57-58:
1562 454 1699 510 1545
1736 454 1948 524 August
1973 454 2444 526 30—September
2481 457 2529 510 1.
3056 453 3166 518 m

499 655 795 735 proposto
843 648 926 713 da
974 649 1104 714 Sua
1150 649 1399 715 Santita
1443 651 1506 714 in
1555 651 1920 716 consistorio
1982 651 2047 716 di
2107 652 2261 717 dare
2319 652 2557 716 Parma
2613 660 2675 717 et
2729 652 3043 718 Piacenza
3101 654 3163 719 al
3255 658 3394 708 1545

500 755 665 819 duca
709 755 773 819 di
823 756 1047 821 Castro
1076 756 1130 845 ³)
1166 755 1247 845 ¹),
1310 765 1372 822 et
1431 766 1642 823 tamen
1703 759 1830 822 mai
1886 781 1969 824 ne
2028 759 2064 822 ὲ
2111 766 2273 824 stato
2320 761 2535 825 scritto
2582 761 2815 846 parola.
2909 769 3079 827 certo
3126 763 3162 826 e
3201 727 3345 795 ΑΨ·
3373 731 3448 780 30

498 862 614 927 che
661 871 883 949 questa
931 872 1105 929 corte
1151 887 1231 928 ne
1277 865 1311 928 ὲ
1358 866 1547 951 piena
1593 871 1657 929 et
1701 866 1847 931 tutti
1893 888 1994 931 me
2041 889 2121 931 ne
2166 866 2587 950 domandano,
2635 868 3002 933 credendosi
3045 869 3162 935 che

498 972 558 1034 io
605 993 685 1033 ne
730 971 823 1035 sia
868 968 1325 1056 ragguagliatO.

443 1095 478 1148 5
677 1077 783 1141 Da
827 1077 1172 1142 Brusselles
1218 1077 1274 1141 el
1321 1077 1389 1142 di
1436 1087 1521 1146 30
1568 1078 1849 1165 d'agosto
1907 1088 2096 1148 1545.
3201 1093 3345 1163 Any.
3372 1098 3448 1146 30

499 1292 612 1359 58.
722 1292 966 1356 Verallo
1012 1314 1100 1357 an
1147 1293 1432 1358 Farnese
1446 1314 1469 1357 .·
1514 1292 1762 1358 Parma
1805 1295 1947 1358 und
1991 1295 2322 1362 Piaeenza.
2415 1295 2702 1362 Schotten
2759 1297 2898 1362 und
2941 1295 3156 1361 Fran·
3194 1307 3317 1377 Spt.
3347 1313 3408 1361 1·

495 1420 677 1464 zosen
722 1400 812 1463 im
857 1400 1097 1482 Krieye
1137 1422 1327 1482 yeyen
1371 1400 1695 1483 Enqzand.
1761 1400 1887 1465 Die
1931 1399 2234 1486 Semcluny
2263 1401 2598 1485 Schwers
2641 1405 2806 1469 nach
2839 1404 3161 1487 Enyland.

497 1508 779 1571 Emeute
835 1506 1013 1571 Bitte
1071 1507 1177 1570 des
1238 1508 1526 1571 Nuntius
1582 1529 1693 1572 um
1753 1508 2146 1592 Entzastunq
2201 1511 2407 1575 seiner
2464 1511 2721 1577 Kirehe.
2828 1512 3175 1594 Landyras

494 1613 760 1695 Philipp
818 1634 938 1678 von
998 1613 1244 1678 Hesse‘n
1297 1635 1485 1697 yeyen
1544 1615 1789 1698 Herzog}
1848 1616 2166 1681 Heinrich
2224 1638 2342 1682 von
2389 1618 2906 1700 Braunsehweiy.
2999 1619 3162 1680 1545

414 1730 477 1782 10
498 1722 847 1801 September
892 1725 930 1784 1
977 1721 1265 1786 Briissel.

642 1857 761 1909 Ans
800 1855 1024 1924 Parma,
1055 1856 1218 1910 Arch.
1260 1856 1321 1909 di
1358 1856 1518 1911 Staio
1557 1856 1854 1928 Carteggio
1890 1856 2225 1913 Parnesiano
2266 1858 2416 1927 Oriy.

675 1971 820 2036 Non
868 1970 1158 2036 havendo
1204 1972 1363 2037 altro
1411 1973 1475 2037 di
1522 1981 1838 2038 momento
1887 1972 2005 2038 che
2050 1976 2320 2038 scrivere
2367 1973 2431 2038 di
2482 1997 2628 2061 qua,
2678 1976 2953 2039 scrivere
2999 1973 3162 2040 delle

499 2100 644 2142 cose
703 2078 767 2142 di
831 2079 925 2162 la,
971 2087 1034 2144 et
1089 2082 1232 2143 sara
1294 2080 1409 2145 che
1467 2103 1594 2166 qua
1649 2104 1761 2145 son
1823 2079 2041 2146 lettere
2100 2079 2202 2145 del
2261 2091 2339 2147 21
2394 2081 2456 2145 di
2505 2082 2681 2167 132²),
2737 2081 2851 2147 che
2896 2083 3159 2147 avisano
3200 2095 3445 2163 Au9.21

638 2259 681 2307 a)
712 2256 869 2298 Parma
895 2279 945 2287 —
976 2256 1133 2298 Castro
1161 2258 1372 2309 chtjffre‘eri.

412 2347 476 2400 15
644 2346 682 2414 ¹)
717 2347 792 2400 In
828 2348 930 2401 der
969 2347 1113 2401 That
1148 2347 1365 2402 brachie
1412 2347 1512 2402 der
1561 2348 1740 2417 Papst
1790 2348 1882 2403 die
1920 2349 2342 2419 Ameleyenkeit
2392 2367 2482 2405 am
2529 2353 2602 2405 12
2640 2350 2857 2420 Auyust
2893 2351 2970 2405 im
3005 2351 3159 2406 Kon-

494 2435 779 2490 sistorium
815 2453 940 2492 vor.-
976 2435 1109 2491 Fuit
1142 2453 1243 2506 per
1280 2436 1504 2491 Sau¹¹¹¹¹¹¹¹
1546 2437 1841 2492 Dominum
1881 2437 2144 2494 Nostrum
2195 2438 2406 2494 factum
2445 2437 2697 2508 verbum,
2750 2441 3025 2495 berichten
3071 2441 3161 2495 die

494 2525 1055 2594 Komistorialakten‚
1094 2526 1240 2597 quod
1278 2526 1395 2596 ipse
1433 2528 1721 2581 attendens
1774 2534 1832 2583 et
1877 2528 2230 2583 considerans
2279 2527 2528 2597 pericula
2563 2528 2767 2599 quibus
2805 2530 3066 2585 continuo
3104 2538 3161 2585 et

496 2615 874 2685 multipliciter
910 2615 1164 2670 civitates
1202 2615 1521 2671 Placentiae
1558 2624 1616 2671 et
1654 2616 1888 2672 Parmae
1925 2617 2239 2687 provinciae
2278 2616 2648 2688 Cispadanae,
2698 2635 2842 2689 quae
2877 2636 2916 2673 a*
2948 2620 3160 2691 reliquo

496 2712 719 2759 sanctae
769 2703 1050 2759 Romanae
1105 2705 1373 2760 ecclesiae
1428 2706 1705 2761 territorio
1753 2707 2049 2762 distinctae
2098 2714 2156 2761 et
2209 2713 2496 2778 separatae
2549 2708 2820 2776 existunt,
2875 2707 3160 2780 subjectae

406 2794 477 2847 20
498 2794 722 2849 fuerunt
749 2795 886 2849 etin
925 2796 1042 2849 dies
1071 2794 1460 2866 subjiciuntur,
1496 2804 1553 2851 et
1588 2804 1879 2868 propterea
1915 2814 2119 2869 magna
2154 2813 2374 2869 quoque
2410 2814 2577 2851 onera
2614 2804 2671 2852 et
2697 2814 2980 2869 expensae,
3020 2816 3160 2870 quas

496 2901 597 2955 pro
633 2885 876 2955 ipsorum
914 2886 1093 2939 tutela
1127 2892 1184 2939 et
1221 2885 1492 2956 praesidio
1529 2886 1709 2941 sedem
1761 2886 2122 2958 apostolicam
2173 2886 2358 2941 subire
2394 2892 2640 2956 oportet,
2679 2887 2937 2958 quodque
2972 2904 3037 2942 ex
3074 2906 3158 2941 or·

494 2973 722 3027 dinariis
759 2973 1076 3028 introitibus
1113 2992 1300 3029 earum
1351 2975 1602 3030 deductis
1653 2975 1914 3046 impensis
1963 2976 2251 3030 ordinariis
2300 2982 2356 3030 et
2406 2976 2727 3030 necessariis
2766 2976 2955 3031 eadem
3002 2977 3159 3031 sedes

496 3080 602 3117 non
643 3080 897 3133 magnam
935 3064 1229 3118 utilitatem
1283 3063 1753 3135 consequebatur,
1803 3064 2090 3136 cogitabat
2137 3065 2282 3136 quod
2334 3064 2381 3118 si
2432 3065 2652 3119 eaedem
2703 3065 2956 3121 civitates
2992 3066 3160 3121 alicui

496 3169 760 3223 personae
796 3153 850 3206 in
887 3153 1110 3207 feudum
1157 3171 1256 3224 pro
1305 3170 1365 3207 se
1401 3161 1457 3208 et
1493 3153 1790 3208 heredibus
1838 3155 2295 3220 concederentur,
2345 3155 2441 3225 qui
2490 3154 2707 3209 illarum
2759 3156 3158 3210 conservationi

406 3240 475 3293 25
496 3241 685 3296 sedulo
722 3242 1001 3296 intendere
1038 3250 1226 3312 posset
1261 3250 1318 3297 ct
1356 3243 1520 3298 vellet
1568 3252 1623 3298 et
1673 3260 1771 3313 pro
1821 3260 2178 3315 recompensa
2226 3243 2399 3298 eidem
2450 3243 2564 3298 sedi
2602 3244 2819 3315 aliquas
2855 3245 2992 3299 alias
3030 3246 3158 3300 eivi-

499 3337 647 3385 tates
685 3330 905 3385 cederet
941 3338 998 3386 et
1033 3332 1397 3399 condonaret,
1435 3333 1626 3387 exinde
1664 3334 1799 3388 satis
1837 3334 2011 3403 ipsius
2049 3333 2195 3387 sedis
2231 3332 2402 3403 quieti
2441 3339 2498 3387 et
2534 3333 2817 3387 commodo
2854 3333 3158 3388 consulere-

496 3426 602 3474 tur.
677 3437 848 3492 quare
884 3437 984 3490 pro
1021 3438 1252 3491 persona
1290 3423 1577 3492 proposuit
1623 3430 1680 3476 et
1728 3423 2029 3478 nominavit
2066 3423 2249 3476 111ιιπιιιι
2289 3421 2567 3475 dominum
2604 3420 2829 3476 Petrum
2869 3423 3160 3493 Aloysium

496 3508 836 3575 Farnesium,
885 3510 1060 3579 ipsius
1106 3518 1330 3565 sanctae
1370 3511 1647 3565 Romanae
1684 3511 1951 3566 ecclesiae
1995 3511 2423 3566 confalonerium
2461 3518 2519 3565 et
2553 3511 2795 3582 ejusdem
2835 3510 3005 3567 Sanmi
3048 3512 3158 3567 Do-

495 3598 626 3651 mini
667 3597 854 3654 Nostri
893 3599 1241 3670 capitaneum
1280 3601 1608 3670 generalem,
1647 3602 1805 3671 cujus
1842 3599 2006 3655 fidem
2043 3608 2101 3655 et
2136 3600 2484 3671 prudentiam
2521 3616 2587 3655 ac
2625 3600 2681 3653 in
2718 3600 2884 3655 rebus
2930 3602 3161 3673 agendis

406 3688 477 3740 30
494 3688 886 3757 experientiam
924 3688 1076 3743 dicta
1111 3688 1267 3743 sedes
1305 3688 1510 3759 pluries
1547 3696 1773 3759 experta
1808 3688 1946 3757 fuit,
1995 3697 2051 3744 et
2101 3689 2195 3761 qui
2245 3707 2344 3760 pro
2393 3706 2747 3761 recompensa
2784 3689 2980 3758 [cedat]
3031 3691 3159 3745 civi-

496 3783 665 3830 tatem
704 3783 761 3830 et
796 3775 1059 3831 ducatum
1099 3776 1370 3831 Camerini
1409 3777 1729 3849 contiguum
1768 3777 2051 3833 Marchiae
2090 3779 2469 3833 Anconitanae
2518 3786 2575 3835 et
2624 3796 2767 3851 quae
2804 3780 2859 3833 in
2897 3780 3159 3836 umbilico

493 3864 609 3919 fere
646 3865 900 3920 dictionis
936 3866 1347 3921 ecclesiasticae
1386 3867 1655 3936 consistit,
1693 3867 1823 3921 item
1861 3875 1919 3921 et
1957 3867 2237 3922 civitatem
2273 3867 2604 3938 Nepesinam
2641 3868 2765 3924 urbi
2794 3871 3159 3941 propinquam

494 3961 551 4008 et
600 3953 885 4009 moenibus
934 3962 990 4009 et
1038 3956 1467 4025 propugnaculis
1524 3963 1581 4011 et
1636 3955 1887 4026 pluribus
1944 3956 2213 4012 machinis
2266 3957 2481 4013 bellicis
2535 3965 2592 4013 et
2646 3959 2931 4013 tormentis
2986 3960 3158 4015 muni-

496 4043 777 4112 tissimam,
815 4051 873 4098 et
909 4061 1143 4114 quarum
1181 4043 1480 4112 fructuum,
1518 4046 1832 4100 reddituum
1870 4053 1927 4100 et
1963 4053 2326 4117 proventuum
2372 4047 2524 4102 valor
2567 4046 2783 4103 fructus
2821 4049 3066 4103 redditus
3103 4056 3160 4103 et

405 4132 475 4186 35
497 4140 793 4202 proventus
830 4134 1105 4188 dictarum
1147 4133 1378 4188 Parmae
1415 4141 1473 4189 et
1514 4134 1870 4190 Placentinae
1907 4135 2226 4202 civitatum,
2275 4136 2527 4191 deductis
2574 4144 2639 4192 ut
2688 4137 2997 4207 praefertur
3030 4155 3155 4193 one·

495 4220 649 4275 ribus
686 4228 742 4276 et
778 4222 1030 4293 expensis
1066 4222 1350 4292 praefatis,
1387 4224 1653 4278 asseritur
1690 4223 1967 4278 excedere.
2042 4231 2100 4278 et
2135 4224 2282 4279 ultra
2317 4225 2635 4280 intentionis
2661 4224 2986 4282 Sanctitatis
3015 4227 3157 4282 Suae

494 4310 721 4376 existat,
758 4328 926 4380 super
961 4311 1163 4366 eisdem
1206 4312 1487 4366 Parmensi
1525 4320 1582 4367 et
1622 4313 1946 4368 Placentina
1984 4313 2304 4369 civitatibus
2341 4316 2617 4386 imponere
2653 4332 2894 4371 annuum
2933 4333 3157 4371 censum

494 4406 552 4453 et
600 4401 1004 4469 responsionem
1053 4419 1247 4456 novem
1295 4401 1524 4456 millium
1572 4401 1897 4457 ducatorum
1948 4403 2068 4456 auri
2119 4404 2187 4457 de
2234 4421 2467 4459 camora.
2540 4411 2597 4459 et
2647 4405 2783 4459 nihil
2840 4406 3157 4460 conclusum

494 4487 633 4558 fuit-3
683 4490 778 4544 sed
830 4497 1054 4560 propter
1092 4491 1168 4544 rei
1206 4490 1613 4561 importantiam
1662 4499 1719 4546 et
1769 4499 1833 4546 ut
1868 4490 1980 4545 Rmi
2021 4492 2223 4547 domini
2275 4494 2544 4548 maturius
2592 4494 2894 4549 deliberare
2939 4502 2996 4550 et
3033 4513 3158 4550 con·

403 4581 475 4634 40
494 4577 695 4633 sultius
732 4580 1060 4649 respondere
1096 4588 1344 4651 possent,
1382 4580 1489 4635 fuit
1528 4582 1812 4635 remissum
1855 4582 2136 4653 negotium
2174 4582 2241 4637 ad
2281 4584 2516 4654 primum
2553 4584 2951 4639 consistorium.
3027 4584 3157 4639 Ood.

494 4667 661 4722 Barb.
702 4668 955 4724 XXXVI
996 4670 1078 4724 13.
1163 4669 1276 4740 Vyz.
1314 4688 1439 4725 zum
1476 4671 1771 4740 folgenden
1806 4671 1991 4726 Stet-k.

639 4757 679 4825 ²)
718 4758 874 4812 Laut
910 4759 1236 4830 Navayem,
1276 4764 1309 4814 1
1346 4761 1681 4829 September,
1719 4761 1844 4814 kam
1879 4778 1973 4814 am
2009 4765 2080 4814 31
2120 4763 2339 4831 August
2384 4763 2490 4817 alle
2539 4763 2609 4816 22
2645 4764 2777 4817 hore
2822 4764 2913 4817 ein
2950 4763 3163 4817 Kurier

495 4864 599 4902 aus
636 4848 854 4917 Neapel
888 4849 971 4902 bei
1008 4849 1159 4915 Ilofe
1197 4868 1290 4918 an,
1328 4859 1551 4920 passato
1589 4868 1688 4922 per
1724 4849 1930 4919 Roma,
1970 4851 2024 4904 di
2063 4851 2200 4906 dove
2245 4858 2405 4923 porta
2450 4852 2644 4905 lettere
2691 4852 2747 4906 di
2786 4854 2882 4920 21,
2932 4852 3033 4906 che
3070 4869 3165 4906 era

601 4955 1207 5003 >tantumtantum-2,
1237 4958 1354 4998 orsto
1377 4957 1626 5008 Abteilung,
1659 4957 1736 4997 ΙΝ.
1760 4957 1877 4998 vm.
2674 4942 2734 4996 19
