3859 5575
1410 421 1508 477 No.
1547 424 1641 478 60:
1682 421 1822 477 1545
1857 421 2162 493 September
2200 423 2282 476 12.
3065 417 3176 482 295

507 619 1020 686 vicecancelliere
1045 619 1257 686 Naves
1287 625 1350 683 et
1379 617 1422 683 il
1456 625 1639 684 conte
1670 618 1735 682 di
1767 615 2228 683 Hoechstraten
2261 624 2645 704 governator
2676 616 2842 682 della
2866 616 3173 683 Gheldria
3250 621 3414 716 1545.

505 729 587 793 ad
637 728 780 793 dirli
828 727 1270 793 bruscamente
1315 725 1432 791 6116
1478 748 1544 791 66
1589 726 1930 790 rimovesse
1978 724 2147 790 dalla
2191 724 2362 789 mala
2415 727 2520 790 via
2567 748 2714 808 sua,
2771 731 2836 789 et
2881 723 2996 789 6116
3042 747 3168 789 11611
3209 689 3330 757 ‘5²⁰⁸'
3362 693 3434 744 M

508 834 837 901 volendolo
884 836 1036 918 fare,
1083 833 1199 899 6116
1244 834 1639 899 renuntiasse
1701 831 1763 897 la
1822 832 2367 897 administratione
2421 830 2482 896 al
2529 832 2925 897 coadiutore:
2986 832 3173 896 altra·

508 952 715 1008 mente
764 966 888 1008 non
936 942 1141 1029 petria
1185 941 1421 1007 lassare
1467 941 1533 1005 di
1579 941 1982 1007 risentirscne
2027 947 2248 1005 contra
2293 939 2358 1003 di
2403 939 2491 1004 lui
2524 941 2589 1026 ¹).

451 1059 487 1112 5
685 1049 773 1115 Et
818 1050 898 1114 ad
947 1057 1169 1137 questo
1230 1050 1551 1136 proposito
1611 1046 1671 1113 16
1728 1048 1881 1112 dissi
1928 1047 2045 1113 6116
2091 1070 2359 1134 sperave
2405 1070 2519 1134 per
2563 1048 2931 1133 monsignor
2975 1046 3171 1111 d'An-

504 1157 678 1221 dalot
723 1156 788 1222 (11
837 1154 1032 1221 haver
1062 1154 1119 1220 el
1151 1154 1346 1221 breve
1379 1154 1496 1220 che
1529 1154 1659 1220 Sua
1690 1153 1964 1220 Cesarea
1995 1154 2239 1219 Maesta
2270 1153 2642 1219 desiderava
2672 1155 2737 1219 in
2778 1154 3071 1219 Wormes
3099 1157 3170 1241 ²).

503 1264 669 1329 disse
717 1262 833 1329 che
880 1263 1101 1329 adesso
1149 1285 1273 1328 non
1321 1286 1430 1328 era
1475 1264 1585 1350 piu
1634 1270 1844 1349 tempo
1892 1285 2006 1349 per
2051 1263 2151 1327 far
2211 1260 2355 1349 quel
2416 1260 2758 1327 ch'allhora
2803 1261 3170 1348 disegnam,

503 1371 733 1458 perche
794 1371 1192 1458 landtgravio
1222 1373 1276 1456 ³)
1335 1378 1519 1436 stava
1577 1377 1821 1435 armato
1880 1392 2002 1435 con
2068 1381 2146 1437 16
2208 1368 2359 1433 111116
2402 1369 2562 1435 santi
2610 1378 2674 1434 et
2741 1369 2969 1434 cavalli
3018 1380 3054 1436 3
3105 1371 3169 1434 in

504 1489 545 1545 4
592 1478 742 1544 mila
787 1479 854 1543 in
901 1479 1119 1543 favore
1164 1477 1267 1542 del
1311 1501 1381 1543 re
1427 1477 1871 1564 d'lnghilterra
1917 1500 2033 1564 per
2093 1478 2358 1542 divertir
2412 1475 2469 1542 le
2516 1500 2658 1542 cose
2704 1485 2767 1542 et
2814 1477 3058 1542 assedio
3106 1477 3171 1541 di

418 1596 484 1649 10
502 1585 824 1672 Bologna3
871 1594 933 1651 et
978 1585 1094 1651 6116
1139 1609 1252 1673 per
1297 1584 1342 1650 il
1386 1609 1455 1650 re
1502 1585 1782 1651 Christ¹¹¹⁰
1831 1595 2013 1650 stava
2058 1583 2157 1650 all'
2206 1586 2493 1649 incontro
2541 1583 2583 1648 il
2630 1584 2797 1649 duca
2842 1584 2908 1648 di
2938 1583 3170 1649 Brans-

503 1692 665 1759 wich
712 1717 835 1781 pur
880 1701 1158 1777 armat03
1203 1692 1319 1758 che
1365 1694 1517 1780 pero
1564 1716 1689 1758 non
1735 1691 1793 1756 le
1838 1715 2078 1779 pareva
2109 1692 2334 1756 adesso
2364 1692 2475 1778 piu
2511 1698 2719 1777 tempo
2752 1690 2817 1755 di
2848 1693 3168 1756 muoversi

502 1801 584 1866 ad
634 1800 839 1889 quello
885 1824 999 1888 per
1044 1801 1085 1865 il
1133 1800 1414 1888 periculo
1461 1807 1523 1864 et
1579 1823 1694 1886 per
1751 1823 1876 1865 non
1939 1801 2155 1864 venire
2212 1800 2293 1864 ad
2355 1797 2711 1864 disturbare
2770 1797 2831 1862 la
2876 1799 3171 1885 impresa,

505 1908 620 1974 che
667 1910 717 1972 si
766 1907 850 1973 116
895 1909 979 1972 (16
1024 1907 1156 1973 fare
1201 1906 1408 1973 l'anno
1468 1907 1583 1972 che
1642 1908 1843 1975 viene.
1940 1907 2150 1972 dende
2209 1908 2296 1970 mi
2356 1928 2554 1993 parve
2614 1905 2679 1969 di
2737 1914 2991 1970 trovare
3039 1905 3170 1971 Sua

504 2015 778 2081 Cesarea
824 2015 1067 2080 Maesta
1112 2021 1555 2101 perseverante
1601 2014 1685 2079 ad
1732 2014 1829 2079 far
1887 2013 1950 2078 la
2012 2014 2186 2079 detta
2241 2014 2517 2099 impresa
2564 2013 2841 2078 secundo
2888 2012 2932 2077 il
2978 2036 3166 2099 nego-

419 2130 483 2184 15
504 2124 669 2187 61616
715 2122 781 2187 di
827 2121 905 2187 V.
951 2120 1101 2185 Illm·
1146 2131 1209 2186 et
1238 2121 1366 2186 ΒΨ·
1411 2121 1471 2187 S.
1520 2130 1582 2187 et
1610 2129 2108 2209 appuntamento
2141 2122 2330 2205 fatto;
2376 2144 2503 2186 non
2546 2144 2614 2186 66
2648 2121 2769 2186 1116’
2805 2144 2870 2185 66
2902 2120 3168 2208 qualche

502 2229 662 2295 altro
708 2229 967 2314 disegno
1014 2227 1075 2293 la
1122 2226 1415 2293 sturbara
1440 2230 1513 2315 ⁴).

501 2498 700 2563 hasten
736 2496 901 2562 Eifer
935 2496 1034 2562 fiir
1072 2496 1173 2551 (16.6
1210 2498 1594 2566 Evanyelium.
1669 2497 1790 2551 Der
1826 2498 2115 2564 Nuntius,
2164 2499 2396 2553 schreibt
2444 2498 2741 2566 Navayero
2790 2517 2881 2552 am
2926 2503 2960 2552 5
2997 2497 3166 2567 Sept„

498 2588 634 2641 habe
672 2593 794 2657 tays
828 2603 1000 2641 zuvor
1038 2586 1231 2652 Briefe
1268 2602 1373 2640 aus
1410 2587 1561 2641 Koln
1597 2588 1847 2641 erhalten
1883 2588 1987 2641 che
2024 2588 2188 2658 quell'
2226 2588 2574 2644 arcivescovo
2612 2585 2642 2642 ὸ
2670 2585 2769 2658 piu
2797 2589 3035 2643 ostinato
3064 2589 3167 2644 che

500 2675 605 2728 mai
657 2676 803 2729 nella
851 2693 953 2730 sua
1003 2675 1244 2744 heresia,
1293 2682 1349 2729 et
1400 2676 1502 2730 che
1552 2693 1623 2730 va.
1672 2676 2049 2747 persuadendo
2098 2694 2318 2747 ognuno
2369 2678 2471 2732 che
2522 2694 2684 2732 senza
2731 2678 2895 2733 alcun
2935 2679 3165 2748 rispetto

409 2763 480 2817 20
500 2765 681 2835 voglia
717 2772 903 2820 entrar
937 2783 1040 2820 sua
1075 2765 1345 2836 opinione.
1403 2764 1522 2821 Der
1561 2766 1848 2821 Niz‘mliche
1885 2784 1978 2821 am
2015 2770 2115 2833 11,·
2151 2782 2209 2822 er
2246 2768 2375 2822 ho‘re
2411 2767 2514 2823 che
2544 2767 2696 2823 molti
2725 2767 2810 2822 del
2843 2768 3167 2839 magistrate

497 2855 553 2908 di
591 2855 835 2922 Colonia,
873 2856 977 2910 che
1012 2853 1228 2909 finhora
1262 2855 1446 2910 hanno
1483 2873 1696 2926 sempre
1733 2862 2060 2926 repugnate,
2100 2857 2493 2912 incomincieno
2530 2858 2797 2913 assentire
2835 2858 2946 2913 alla
2981 2858 3165 2912 reffor-

498 2944 736 2999 matione
772 2944 899 2998 dell’
935 2945 1299 3000 arciveseovo.
1374 2945 1586 3000 Ferner
1632 2944 1731 2998 der
1779 2946 2128 3000 Mantuaner
2179 2947 2452 3016 Capilupo
2500 2964 2592 3000 am
2628 2950 2714 3001 8..·
2766 2947 2805 3001 il
2842 2964 3073 3002 vescovo
3109 2947 3164 3001 di

498 3032 727 3087 Colonia
921 3051 991 3088 va
1040 3051 1141 3104 per
1189 3041 1336 3089 tutto
1388 3034 1425 3088 il
1476 3052 1574 3089 suo
1624 3051 1787 3106 paese
1808 3076 1821 3102 ,
1870 3035 2191 3090 ricercando
2241 3037 2259 3090 i
2306 3036 2491 3107 popoli
2529 3037 2631 3091 che
2669 3036 2714 3090 si
2752 3037 3069 3092 dechiarino
3106 3054 3164 3091 se

496 3122 751 3193 vogliono
789 3139 969 3177 essere
1006 3123 1062 3176 in
1100 3122 1254 3177 favor
1291 3140 1391 3178 suo
1428 3140 1461 3177 6
1509 3123 1599 3177 dal
1638 3124 1997 3195 imperatore3
2047 3131 2103 3179 et
2154 3125 2256 3180 che
2303 3126 2486 3181 alcuni
2525 3127 2706 3180 hanno
2744 3124 2929 3179 voluto
2964 3125 3167 3197 pigliar

409 3210 480 3264 25
498 3219 682 3282 tempo
718 3230 753 3266 a
790 3212 1122 3282 rispondere,
1161 3230 1249 3266 ma
1288 3230 1410 3267 6666
1447 3214 1538 3267 1161
1577 3221 1837 3269 censente
1886 3220 1944 3268 et
1996 3214 2032 3267 li
2079 3214 2138 3268 fa
2184 3214 2370 3269 subito
2406 3215 2724 3269 dechiarare
2761 3222 2818 3269 et
2853 3215 3074 3285 giurare
3111 3215 3165 3269 di

496 3318 675 3356 essere
713 3302 768 3355 in
805 3301 962 3357 favor
998 3319 1113 3357 suo.
1165 3331 1228 3342 —
1282 3303 1403 3357 Ein
1440 3304 1903 3369 aussiihrlicheres
1943 3304 2204 3358 Gemiz'lde
2251 3321 2356 3358 von
2405 3304 2512 3357 den
2549 3304 2880 3359 Zustiinden
2914 3304 2991 3358 im
3027 3304 3164 3360 Ko'l·

494 3391 721 3445 nischma
758 3391 1007 3456 entwirft
1048 3391 1338 3458 Hoetfilter
1375 3393 1439 3445 in
1486 3392 1687 3447 seinem
1722 3394 1955 3447 Bericht
2001 3411 2079 3446 an
2116 3392 2358 3448 Famese
2394 3410 2510 3449 vom
2550 3396 2662 3462 17.,
2709 3411 2750 3449 a.
2789 3394 2852 3447 in
2889 3393 2996 3447 den
3032 3394 3161 3448 Bei-

496 3481 672 3549 layen.
713 3508 777 3518 —
819 3481 1023 3551 Eim'ye
1059 3481 1437 3536 Eimelheiten
1482 3482 1661 3536 bieten
1707 3485 1854 3538 auch
1889 3482 2081 3538 Avvisi
2121 3483 2268 3539 sicut
2304 3481 2570 3538 scribitur
2604 3500 2669 3537 ex
2706 3483 2935 3539 Colonia
2971 3486 3004 3539 6
3042 3500 3162 3555 sep·

496 3569 753 3624 tembris:
791 3570 1009 3639 Neapel
1043 3569 1208 3625 Carte
1244 3569 1467 3626 Fames.
1506 3570 1642 3627 fasc.
1685 3574 1824 3628 1400
1860 3572 2165 3639 Abschrist.

405 3657 477 3711 30
643 3659 681 3728 ¹)
720 3659 883 3714 Ναυῆ
909 3660 1225 3726 Hoetftlters
1260 3661 1427 3716 6611611
1461 3662 1847 3731 anyesic'hrtem
1876 3663 2103 3719 Berieht
2139 3680 2244 3717 aue
2279 3663 2511 3717 Briissel
2545 3679 2660 3718 vom
2685 3667 2762 3717 11.
2789 3663 2953 3719 rei-ste
2981 3664 3165 3720 Naves

495 3766 585 3803 am
620 3753 673 3803 8.
713 3750 783 3803 ab
799 3790 813 3817 ‚
862 3748 1128 3804 witha-end
1164 3749 1541 3806 Hoehetraten
1553 3792 1570 3819 ,
1617 3752 1719 3806 der
1768 3753 1831 3807 in
1870 3752 2109 3808 Geldern
2147 3754 2230 3807 als
2267 3752 2627 3806 Gouvemeur
2660 3750 2771 3821 safl
2783 3793 2799 3821 ,
2851 3751 3049 3820 Befehl
3082 3771 3162 3809 er·

495 3838 645 3901 hieu,
684 3840 785 3893 mit
810 3838 997 3906 jenem
1033 3839 1097 3891 in
1133 3839 1288 3893 Κὸἶπ
1321 3842 1929 3907 zusammensutreffem
1964 3859 2055 3896 am
2103 3846 2185 3896 11.
2232 3840 2433 3897 sancite
2469 3840 2619 3895 Karl
2653 3842 2812 3897 einen
2848 3843 3029 3897 Boten
3065 3845 3164 3898 mit

495 3926 726 3992 Briefen
761 3947 839 3982 an
874 3928 1078 3983 Nave-s.
1165 3928 1298 3984 Was
1345 3929 1452 3985 den
1497 3931 1617 3985 hier
1663 3948 1775 3986 von
1833 3932 2048 3987 Verallo
2097 3932 2473 4002 anyeyebenen
2522 3932 2715 3987 Zweck
2764 3931 2862 3986 der
2898 3931 3164 4001 Senduny

497 4016 593 4069 der
629 4017 826 4071 beiden
862 4019 1108 4072 Mamur
1145 4020 1377 4089 61196111,
1425 4036 1486 4074 so
1530 4037 1648 4075 war
1694 4022 1818 4075 laut
1857 4020 1951 4076 des
1985 4020 2306 4076 Solu-sibene
2344 4020 2437 4076 des
2473 4021 2705 4076 Kaisers
2740 4038 2820 4075 an
2858 4022 3165 4077 Granvella

405 4103 476 4158 35
493 4122 609 4159 vom
647 4110 719 4159 30
756 4106 977 4175 Auyust
1014 4107 1217 4177 (anqefi
1258 4109 1305 4162 b.
1348 4109 1612 4164 Gachard
1642 4127 1701 4178 p.
1742 4114 1838 4180 98)
1865 4110 2026 4179 jones
2061 4110 2356 4166 Aminnea
2389 4111 2559 4166 sehon
2585 4111 2779 4177 frither-
2804 4110 3016 4179 96616111
3042 4110 3165 4165 und

493 4195 820 4264 abyewiesen
855 4196 1089 4251 worden.
1165 4197 1313 4266 (Vyl.
1351 4200 1496 4253 auch
1531 4199 1726 4254 Ranke
1763 4200 1886 4254 1V⁶
1922 4200 1980 4255 S.
2018 4203 2163 4268 263,·
2209 4200 2595 4270 Varrentrapp
2633 4201 2691 4255 S.
2728 4201 2879 4263 255.)

640 4284 679 4351 ²)
716 4285 979 4340 Nc‘z'mlieh
1014 4286 1107 4341 die
1143 4286 1455 4343 Erlaubnis
1468 4329 1485 4356 ‚
1524 4288 1631 4342 den
1666 4288 2001 4356 Enbisehos
2027 4306 2132 4345 von
2168 4290 2321 4344 Κόῑη
2357 4289 2704 4357 aaszuheben
2737 4290 2860 4344 und
2891 4290 3165 4360 yesanqen

493 4374 896 4439 sortzusuhren.

638 4463 678 4532 ⁸)
727 4463 842 4532 Vyl.
879 4465 987 4518 das
1020 4464 1275 4535 solyende
1310 4465 1496 4521 Stuck.

401 4551 473 4605 40
635 4552 676 4619 ⁴)
721 4554 832 4623 Vyl.
872 4553 983 4607 den
1014 4554 1427 4624 yleiehzeitiyen
1465 4556 1637 4621 Bries
1667 4555 1760 4610 (166
1796 4555 2054 4610 Nuntius
2089 4574 2166 4611 an
2194 4557 2284 4612 die
2312 4558 2773 4629 Konsilsleyaten,
2811 4561 3037 4615 wonaeh
3066 4561 3164 4615 der

491 4642 697 4697 Kaiser
730 4643 1026 4708 standlmft
1061 4644 1140 4699 sei
1176 4644 1321 4698 nella
1358 4643 1503 4699 bona
1537 4643 1765 4700 volunta
1803 4646 1906 4701 che
1944 4646 2071 4717 quel
2110 4647 2344 4702 concilio
2393 4647 2603 4703 habbia
2637 4648 2677 4702 il
2717 4666 2818 4703 6116
2855 4666 3161 4720 progresso,

492 4738 548 4787 et
585 4732 713 4786 nelli
751 4733 877 4788 altri
917 4732 1087 4788 buoni
1123 4734 1360 4805 pensieri
1398 4735 1468 4789 ad
1506 4733 1774 4790 beneficio
1812 4735 1959 4790 della
1996 4737 2224 4809 religion
2261 4744 2451 4792 nostra
2477 4738 2772 4794 catholica.
2823 4740 2979 4794 Mon.
3004 4739 3161 4794 Tria.

490 4838 575 4875 nr.
616 4825 740 4877 192.
784 4851 846 4860 ——-
886 4822 997 4878 Die
1033 4824 1361 4879 Zuversicht
1399 4824 1491 4880 des
1526 4825 1784 4880 Nuntius
1819 4843 1939 4881 war
1975 4827 2118 4882 wohl
2150 4828 2296 4883 auch
2333 4827 2513 4883 durch
2548 4828 2637 4883 die
2672 4845 2780 4885 von
2814 4829 2927 4883 ihm
2963 4829 3026 4882 in
3054 4829 3163 4885 den
