3859 5575
475 665 617 717 1545

428 733 560 791 Dez.
593 739 664 789 10

698 462 806 525 480
1585 466 1684 522 No.
1725 467 1855 522 104:
1899 466 2037 522 1545
2072 467 2354 521 Dezember
2392 469 2477 523 10.

699 664 859 729 satta
918 664 1004 729 da
1049 663 1182 729 Sua
1227 663 1472 729 Maesta
1530 663 1805 730 Cesarea
1862 687 1903 729 a
1961 670 2176 730 nostra
2233 662 2682 729 sollecitatione
2742 671 2806 729 et
2861 664 3161 728 instantia
3215 662 3365 746 (che

699 769 967 836 havemo
1034 769 1273 836 havuto
1329 772 1508 836 aviso
1565 771 1633 836 di
1693 779 1913 858 questo
1971 793 2086 858 per
2145 770 2332 835 homo
2393 778 2614 858 aposta
2673 769 2842 836 dalla
2900 771 3246 836 universita.
3297 771 3364 836 di

699 877 1022 962 Colonia),
1085 879 1121 943 e
1168 886 1333 943 stata
1379 877 1723 944 solamente
1783 877 1899 943 che
1944 878 2077 945 Sua
2121 878 2367 944 Maesta
2423 877 2508 943 ha
2566 879 2783 943 scritto
2844 884 2909 943 et
2966 878 3256 944 ordinato
3302 877 3364 944 al

699 987 871 1052 detto
919 987 1325 1053 arcivescovo
1375 985 1492 1051 che
1540 986 1775 1051 desista
1817 986 1904 1051 da
1949 993 2169 1073 questa
2214 986 2620 1052 innovatione
2665 993 2729 1050 et
2772 987 2998 1072 aspetti
3044 984 3108 1051 la
3153 987 3365 1053 futura

698 1093 869 1158 dieta
912 1091 1240 1180 imperiale
1285 1093 1349 1158 di
1396 1092 1744 1159 Ratisbona
1790 1092 1905 1158 che
1951 1094 2133 1177 insta,
2178 1091 2411 1180 perche
2454 1092 2555 1157 all'
2603 1092 2759 1157 hora
2804 1093 2856 1156 si
2901 1101 3091 1179 potea
3131 1094 3365 1182 pigliar
3418 1105 3456 1159 5

698 1200 842 1266 bon'
901 1200 1277 1288 expediente
1323 1224 1363 1265 a
1409 1208 1605 1285 tutt03
1666 1201 2018 1266 altrimente
2077 1201 2344 1266 adverta
2404 1199 2519 1266 che
2583 1201 3024 1265 contravenire.
3078 1208 3194 1265 etc.
3299 1208 3363 1265 et

697 1315 916 1396 queste
961 1306 1179 1372 lettere
1224 1330 1340 1395 per
1385 1308 1447 1373 la
1493 1306 1744 1374 brevite
1787 1309 1889 1374 del
1936 1318 2149 1395 tempo
2193 1307 2405 1373 hanno
2451 1330 2771 1395 promesso
2818 1307 2883 1373 di
2915 1307 3221 1373 mandare
3250 1331 3363 1396 per

696 1439 782 1480 un
829 1417 1102 1482 corriero
1148 1415 1215 1480 di
1261 1415 1394 1480 Sua.
1439 1415 1687 1481 Maesta
1730 1414 2034 1499 Cesarea,
2094 1413 2140 1480 il
2199 1414 2384 1502 quale
2429 1414 2744 1503 passando
2804 1437 2920 1501 per
2964 1411 3229 1480 Colonia
3282 1437 3362 1478 ne

695 1521 937 1587 lassara
982 1525 1165 1610 copia
1211 1521 1335 1587 alla
1382 1524 1744 1607 univer-sita,
1790 1523 2091 1588 accioche
2137 1546 2217 1587 ne
2262 1522 2454 1609 piglie
2500 1522 2889 1587 recreatione
2934 1527 2998 1586 et
3041 1523 3254 1587 animo
3299 1528 3362 1587 et

696 1629 869 1716 dipoi
915 1628 973 1695 le
1019 1631 1226 1695 faccia.
1270 1631 1460 1695 etiam
1514 1637 1864 1717 stamparc‚
1921 1652 1987 1695 se
2044 1632 2174 1695 cosi
2231 1630 2291 1695 le
2348 1633 2576 1717 parera
2631 1629 2749 1695 che
2807 1630 2900 1694 sia
2942 1652 2982 1694 a
3040 1630 3361 1717 proposito
3388 1641 3455 1696 10

694 1734 826 1802 loro
859 1738 930 1823 ¹).
1381 1801 1385 1804 Α

875 1844 1013 1908 Hor
1058 1843 1185 1909 Dio
1232 1843 1447 1931 voglia
1478 1844 1594 1910 che
1641 1844 1703 1910 la
1746 1844 1921 1910 detta
1968 1845 2290 1932 provision
2321 1842 2485 1909 basti
2530 1866 2646 1930 per
2690 1843 2788 1908 far
2831 1843 3128 1910 desistere
3174 1843 3359 1931 quell’

694 1952 1120 2034 arcivescovo,
1151 1950 1195 2015 il
1227 1950 1412 2039 quale
1443 1974 1508 2016 se
1539 1951 1794 2017 intende
1825 1954 1860 2016 ὸ
1893 1952 2215 2017 diventato
2248 1950 2727 2017 insolentissimo
2770 1949 2981 2037 doppo
3011 1949 3075 2016 la
3105 1951 3361 2016 vittoria

696 2058 1089 2145 sopradetta,
1148 2066 1211 2123 et
1254 2060 1361 2145 gia
1420 2081 1534 2145 per
1592 2060 1736 2146 quel
1783 2059 1899 2124 che
1958 2059 2065 2124 dal
2126 2060 2444 2124 medesmo
2507 2081 2710 2124 messo
2771 2057 3130 2123 mandatoci
3189 2055 3361 2122 dalla.

695 2167 1041 2231 universita
1098 2189 1164 2231 se
1208 2167 1496 2249 intende,
1543 2189 1689 2232 sene
1734 2190 1846 2231 son
1893 2167 2041 2232 visti
2087 2165 2267 2231 molti
2312 2167 2489 2251 segni
2535 2164 2704 2230 nella
2749 2167 2906 2230 citta
3011 2172 3074 2229 et
3117 2163 3161 2229 il
3216 2186 3358 2250 pro·
3383 2177 3453 2231 15

693 2272 965 2338 vinciale
1012 2272 1077 2337 di
1124 2272 1534 2339 Carmelitani
1579 2275 1645 2339 di
1691 2273 1901 2361 quella
1947 2276 2118 2358 eitta,
2165 2273 2282 2339 che
2329 2276 2365 2338 e
2411 2296 2538 2339 uno
2584 2272 2710 2339 deli
2754 2273 3039 2360 deputati
3098 2272 3184 2337 da
3227 2272 3361 2337 Sua

695 2381 942 2445 Maesta
985 2403 1100 2467 per
1144 2381 1525 2446 intervenire
1570 2380 1632 2446 al
1678 2379 1990 2468 colloquio
2037 2381 2098 2447 di
2146 2378 2512 2465 Ratisbona,
2559 2402 2632 2446 ce
2678 2403 2757 2446 ne
2802 2381 2867 2446 fa
2911 2402 3025 2467 per
3070 2403 3198 2446 una
3242 2402 3361 2444 sua

692 2486 915 2552 lettera
969 2486 1325 2552 miserabile
1384 2490 1649 2574 augurio
1703 2496 1769 2553 et
1814 2487 2121 2571 lamento,
2186 2509 2315 2552 non
2373 2486 2698 2553 lasciando
2756 2489 2943 2552 etiam
3003 2486 3070 2551 di
3128 2485 3357 2551 dolersi

694 2593 813 2659 che
859 2594 1173 2663 inRoma
1219 2617 1342 2659 non
1392 2596 1445 2659 si
1491 2597 1585 2660 sia
1631 2595 1976 2682 proceduto
2023 2596 2137 2681 piu
2195 2594 2353 2660 oltre
2399 2595 2464 2661 di
2525 2594 2732 2683 quello
2794 2593 2909 2660 che
2967 2595 3020 2659 si
3078 2595 3115 2658 e
3177 2593 3356 2677 fatto,

691 2700 818 2767 alla
862 2701 1384 2767 condemnatione
1432 2700 1533 2767 del
1580 2702 1751 2768 detto
1797 2703 2206 2768 arcivescovo
2235 2702 2305 2790 ²).
3376 2713 3454 2768 20

871 2809 1057 2897 Dopo
1105 2816 1324 2896 questo
1370 2810 1414 2875 il
1445 2810 1616 2875 detto
1645 2811 1699 2898 ²)
1745 2810 1943 2897 padre
1975 2811 2327 2876 confessore
2357 2833 2483 2876 non
2514 2809 2707 2876 lascio
2753 2810 2820 2875 di
2852 2811 3124 2878 toccarci
3169 2832 3359 2896 sopra

690 2925 911 3005 questa
955 2917 1190 2983 tardita
1233 2916 1401 2983 della
1444 2919 1714 3006 risposta
1759 2918 1873 2984 che
1920 2919 1974 2983 si
2031 2925 2279 3006 aspetta
2331 2919 2420 2983 da
2465 2917 2694 2983 Nostro
2741 2917 3026 3004 Signore‚
3086 2917 3357 2983 dicendo

1117 3073 1220 3080 ...φ

831 3171 872 3220 a)
903 3169 1060 3220 Beyv'vm
1088 3172 1199 3210 einer
1229 3169 1389 3221 Cloiffer.
3432 3219 3447 3228 =

834 3260 873 3326 ¹)
911 3260 987 3314 In
1024 3260 1285 3328 Colonia,
1333 3260 1542 3316 schrieb
1600 3260 1890 3327 Hoetfilter
1943 3277 2033 3313 am
2082 3261 2152 3312 16
2188 3259 2487 3313 November
2533 3274 2638 3313 aus
2681 3258 2935 3313 Meeheln
2979 3275 3059 3312 an
3093 3258 3355 3325 Far-nese,

688 3349 862 3404 nostri
914 3350 969 3404 in
1017 3367 1233 3404 summa
1269 3350 1579 3404 consistunt
1614 3348 1982 3420 trepidatione
2018 3348 2089 3403 ob
2128 3347 2564 3402 Protestantium
2601 3346 2883 3403 lasciviam
2929 3364 2994 3401 ex
3045 3346 3189 3401 malo
3236 3346 3357 3402 fato
3375 3347 3455 3402 25

688 3439 845 3494 ducis
874 3438 1293 3494 Brunsvicensis
1320 3439 1695 3510 imprudenter
1722 3455 1877 3493 suam
1916 3455 2140 3493 causam
2172 3436 2419 3509 agentis!
2501 3435 2647 3505 Θήρ.
2678 3436 2741 3490 in
2768 3436 2979 3490 Parma
3007 3435 3155 3491 Cart.
3186 3435 3353 3491 Farn.

699 3528 814 3597 Vyl.
851 3530 998 3583 auch
1034 3529 1136 3584 das
1186 3527 1563 3593 ausfflhrliche
1600 3528 1890 3583 Schreiben
1942 3527 2034 3582 des
2068 3527 2328 3595 Kapitels
2366 3543 2445 3579 an
2484 3526 2769 3594 Hoetfilter
2817 3543 2936 3581 vom
2984 3530 3024 3580 2
3062 3526 3357 3581 Dezember

685 3617 773 3681 (in
822 3618 930 3671 den
980 3617 1268 3687 Beilayen)
1314 3618 1475 3672 sowie
1523 3623 1687 3670 anter
1734 3633 1818 3671 nr.
1857 3620 1971 3670 114.
2014 3646 2079 3656 —
2139 3605 2399 3684 Ubnyens
2447 3617 2707 3686 eryinyen
2752 3615 2924 3672 wider
2972 3615 3079 3670 den
3126 3615 3355 3669 Bonner

686 3705 958 3776 Landtay
1002 3706 1124 3760 und
1171 3707 1318 3760 aeine
1355 3707 1671 3761 Beschliisse
1718 3706 1956 3760 mehrere
2003 3705 2323 3760 kaiser-liobe
2363 3704 2665 3760 Mandate:
2712 3705 2917 3760 Ennea
2953 3704 3060 3773 IV,
3113 3703 3169 3760 S.
3208 3707 3320 3759 509
3333 3723 3356 3772 ,-

697 3795 1077 3862 Varrentrapp
1114 3794 1170 3849 S.
1206 3797 1332 3848 263.
3234 3855 3239 3860 .
3369 3791 3449 3847 30

832 3882 871 3952 ²)
909 3883 1050 3938 Dies
1085 3882 1392 3951 Schreiben,
1432 3883 1640 3938 datiert
1676 3901 1781 3938 aus
1816 3883 1972 3938 Ko‘ln
2015 3886 2096 3940 27
2130 3884 2436 3939 November
2481 3887 2647 3951 1545,
2700 3883 2891 3939 wurde
2937 3900 3043 3938 von
3078 3882 3355 3939 Dandino

687 3991 777 4027 am
810 3977 880 4027 18
908 3972 1199 4028 Dezember
1233 3973 1336 4026 mit
1372 3973 1470 4028 der
1498 3973 1654 4027 Bitte
1680 3990 1776 4027 um
1806 3974 2266 4043 Gehee'mhaltuny
2304 3970 2589 4044 (accioche
2615 3990 2722 4027 non
2751 3989 2810 4027 se
2838 3972 2876 4026 li
2905 3971 3117 4028 facesse
3145 3970 3352 4042 danno)

686 4079 764 4115 an
802 4061 1091 4115 Kardinal
1128 4059 1356 4117 Corvino
1403 4062 1735 4132 eingesandt.
1812 4062 1893 4117 Es
1937 4064 2010 4118 ist
2052 4063 2318 4132 yedruckt
2368 4064 2453 4118 bei
2489 4079 2537 4116 v.
2576 4062 2827 4131 Druffel,
2874 4062 3158 4116 Johannes
3191 4062 3353 4128 Hoff-

685 4151 898 4204 meister
932 4150 1054 4203 und
1079 4151 1226 4206 scine
1251 4151 1708 4219 Koa-respondean
1743 4153 1845 4206 mit
1879 4151 2196 4221 Seripando
2222 4152 2374 4216 (ΑΜ.
2404 4152 2502 4207 der
2530 4152 2694 4206 Bair.
2725 4152 2828 4206 Alc.
2859 4152 2911 4206 d.
2950 4151 3110 4205 Wisa.
3139 4150 3250 4205 ΙΠ
3270 4151 3351 4207 cl.

686 4239 846 4293 XIV
877 4239 987 4293 Bd.
1027 4240 1071 4294 I
1088 4240 1263 4308 Aba),
1291 4238 1343 4294 S.
1376 4240 1534 4307 179fi
1574 4258 1677 4295 aus
1713 4246 1959 4310 spaterer
1995 4240 2281 4306 Abschrit’t
2320 4241 2419 4294 der
2454 4241 2771 4295 Bibliothek
2795 4257 2865 4295 zu
2896 4240 3116 4308 Trient5
3151 4236 3445 4295 beasere35

682 4328 978 4397 yleichzeit.
1009 4329 1297 4395 Absclm'ft
1325 4329 1480 4385 Flor.
1510 4329 1674 4385 carte
1710 4329 1923 4385 Cervin.
1966 4330 2162 4400 15s149
2196 4329 2277 4395 (S.
2315 4333 2422 4384 180
2457 4329 2522 4382 Ζ.
2545 4333 2580 4383 6
2606 4348 2652 4385 υ.
2683 4348 2736 4384 ιι.
2775 4330 2848 4385 ist
2882 4348 2953 4384 zu
2990 4330 3164 4385 lesen.-
3201 4329 3351 4384 istud

686 4417 955 4488 quidquid
991 4425 1077 4472 est
1112 4418 1474 4489 querelarum,
1513 4436 1652 4490 quas
1701 4418 1930 4474 auribus
1980 4420 2176 4474 vestris
2226 4425 2443 4474 tantum
2493 4420 2775 4473 insusurro
2826 4435 2926 4474 nec
2975 4418 3139 4473 velim
3176 4419 3351 4474 ullum

686 4506 941 4561 exaudire
995 4509 1334 4578 mortalium,
1383 4509 1617 4564 vulcano
1672 4510 1858 4564 statim
1909 4509 2250 4563 committere
2298 4507 2595 4579 dignetur).
2635 4544 2705 4553 -
2769 4508 3061 4562 Kardimzl
3117 4507 3352 4563 Gemino

684 4596 918 4650 schickte
965 4596 1072 4651 den
1108 4597 1281 4664 Bries
1306 4599 1539 4653 Billieks
1588 4618 1677 4653 am
1728 4602 1762 4652 6
1799 4598 2027 4653 Januar
2075 4616 2153 4652 em
2192 4596 2435 4663 Maffeo:
2483 4614 2617 4651 mom
2662 4598 2783 4652 selae
2822 4598 3067 4665 claraus,
3116 4597 3353 4652 schreibt

685 4700 768 4751 er,
827 4702 942 4740 was
999 4686 1064 4741 in
1100 4687 1265 4756 jener
1310 4687 1484 4743 stadt
1536 4705 1606 4742 zu
1647 4687 2013 4757 yewcirta'yen,
2076 4703 2136 4741 se
2184 4686 2388 4742 Nostro
2436 4685 2667 4757 Signore
2717 4693 2776 4741 et
2825 4686 3190 4757 l’imperatore
3238 4685 3447 4743 n0n40

685 4773 890 4829 l'aiuta.
964 4782 1116 4831 certo
1151 4794 1260 4831 non
1296 4777 1345 4832 si
1380 4778 1562 4833 vorria
1597 4776 1828 4832 lassarla
1864 4772 1978 4831 cosi
2014 4776 2259 4848 perdere.
2333 4776 2498 4831 Arch.
2539 4775 2661 4830 Vat.
2698 4775 2865 4833 Carte
2891 4775 3113 4831 Fames.
3153 4774 3291 4832 fasc.
3322 4775 3354 4831 1

684 4864 887 4933 eiyenh.
932 4863 1080 4935 Θήρ.
