3859 5575
1493 433 1592 502 No.
1632 435 1726 500 78:
1764 436 1904 500 1545
1942 429 2176 499 ouotm
2210 432 2297 500 29.
3115 426 3224 501 87?

558 639 609 709 si
654 637 851 710 lasoia
895 641 962 708 di
1007 642 1301 730 pensan-oi
1345 642 1638 726 tnttavia,
1684 648 1748 708 et
1791 641 1908 708 che
1954 642 2008 706 si
2065 641 2101 706 e
2147 647 2383 707 venuto
2429 640 2558 707 fino
2618 664 2659 706 a
2715 640 3063 706 disoorrere
3105 661 3221 727 per

561 750 710 840 qual
757 773 920 838 capo
967 751 1018 815 si
1064 749 1290 816 havria
1333 749 1420 814 da
1464 750 1802 815 oominzar'
1847 772 1888 814 a
1930 749 2053 814 dar
2095 749 2338 828 denti-0,
2384 756 2447 814 et
2477 772 2629 836 pare
2674 747 2789 814 che
2835 749 2887 813 si
2932 770 3221 835 approva

559 859 675 926 che
720 858 949 946 meglio
997 856 1265 924 sarebbe
1296 858 1651 923 cominzare
1681 857 1768 922 da
1797 866 2015 944 queste
2045 855 2257 922 bande
2301 856 2368 921 di
2402 854 2684 921 Fiandra
2731 878 2914 921 verso
2945 855 3227 921 Saxonia

557 989 673 1053 per
717 966 836 1032 dar
879 967 959 1032 de
1003 967 1207 1054 primo
1254 963 1413 1031 salto
1458 964 1584 1030 alla
1626 973 1787 1031 testa
1831 965 1912 1030 de
1957 964 2290 1051 langravio
2335 974 2399 1030 et
2438 963 2740 1048 Saxonia‚
2785 962 3022 1051 perche
3068 964 3224 1029 rius-

505 1087 540 1141 5
559 1074 758 1140 cendo
819 1075 863 1138 li
921 1074 1118 1140 effetti
1180 1072 1374 1139 buoni
1437 1073 1490 1137 si
1549 1075 1719 1138 terra
1778 1072 1822 1137 il
1868 1073 2095 1159 giuoeo
2151 1093 2267 1158 per
2312 1071 2505 1137 vinto.
2597 1079 2661 1136 et
2704 1070 2936 1158 perche
2990 1071 3225 1136 eomin-

559 1181 819 1248 zandosi
863 1181 931 1247 di
977 1204 1122 1269 qua,
1170 1182 1338 1247 saria
1383 1179 1639 1245 difficile
1683 1180 1749 1245 di
1809 1181 2041 1268 potersi
2103 1182 2394 1266 giuntare
2455 1202 2575 1245 eon
2634 1175 2693 1244 le
2750 1179 2922 1265 genti
2970 1176 3228 1242 italiane

560 1298 623 1356 et
667 1287 1046 1377 spagnnole‚
1094 1288 1209 1354 ohe
1256 1310 1454 1353 sonno
1510 1287 1569 1353 le
1626 1287 1897 1374 migliori
1957 1287 2073 1353 ebe
2120 1285 2401 1354 habbino
2459 1285 2546 1352 da
2603 1287 2841 1352 servire
2900 1308 2941 1351 a
3003 1291 3229 1373 questa

560 1399 852 1485 impresa,
899 1397 951 1461 si
996 1397 1289 1483 pensaria
1334 1397 1400 1460 in
1456 1394 1544 1461 tal
1591 1418 1738 1461 caso
1797 1395 1862 1461 di
1921 1396 2021 1460 sar
2078 1395 2195 1460 che
2251 1396 2315 1460 in
2379 1417 2464 1459 un
2523 1393 2841 1459 medesmo
2902 1399 3115 1480 tempo
3175 1392 3228 1456 si

561 1525 878 1592 rompesse
937 1505 1127 1569 etiam
1183 1504 1247 1568 in
1295 1501 1644 1568 Germania
1700 1502 1865 1567 dalle
1924 1504 2101 1589 genti
2158 1501 2261 1567 del
2320 1502 2526 1588 legato
2586 1507 2649 1567 et
2707 1501 2792 1566 da
2848 1498 3052 1588 quelle
3112 1498 3228 1564 che

473 1624 541 1676 10
560 1610 823 1677 havesse
869 1610 1169 1676 condutte
1215 1608 1280 1674 di
1327 1610 1439 1697 piu
1486 1608 1526 1674 il
1574 1608 1866 1695 generale
1911 1610 1979 1675 di
2025 1609 2154 1675 Sua
2188 1609 2448 1691 Maesta,
2494 1607 2725 1696 perche
2771 1606 2897 1673 fino
2943 1630 2984 1673 a
3025 1606 3227 1672 Ratis-

562 1714 730 1782 bona
774 1718 825 1782 si
870 1715 1180 1804 potrebbe
1229 1739 1351 1781 eon
1397 1717 1545 1802 ogni
1608 1718 1926 1782 sicurezza
1984 1724 2048 1782 et
2105 1716 2488 1782 commodita
2547 1715 2861 1781 eondurre
2919 1713 2983 1781 la
3040 1723 3228 1802 gente

561 1824 626 1890 di
672 1822 872 1889 Italia.
967 1824 1305 1891 tuttavolta
1353 1846 1479 1890 non
1525 1825 1584 1888 ei
1630 1825 1665 1887 e
1712 1847 1827 1912 per
1869 1847 2105 1890 aneora
2163 1847 2314 1889 cosa
2371 1822 2488 1889 che
2548 1824 2598 1888 si
2659 1843 2845 1910 possa
2906 1821 3226 1887 chiamare

561 1931 1008 2016 determinata,
1068 1931 1349 1997 standosi
1410 1932 1617 2018 prima
1678 1954 1719 1996 a
1779 1931 1972 1997 veder
2030 1930 2246 1997 l'exito
2303 1929 2467 1997 delle
2525 1951 2668 1996 cose
2725 1929 3085 2017 sopradette
3143 1929 3230 1994 da

560 2040 926 2125 monsignor
969 2039 1036 2104 di
1082 2037 1425 2104 Granvela.

475 2159 542 2213 15
740 2145 952 2212 Siamo
999 2144 1171 2233 dipoi
1227 2144 1430 2211 anche
1475 2150 1721 2211 entrato
1769 2169 1842 2211 sn
1888 2145 1947 2211 le
1994 2169 2137 2212 eose
2177 2145 2342 2212 dello
2389 2143 2815 2211 stabilimento
2860 2139 3028 2209 della
3072 2165 3229 2231 paee

559 2260 658 2318 tra
704 2253 837 2319 Sua
880 2253 1127 2319 Maesta
1172 2261 1234 2319 et
1282 2253 1584 2338 Francia,
1631 2253 1780 2342 qual
1828 2254 1961 2321 Sua
1990 2255 2314 2321 Paternita
2357 2254 2645 2319 consessa
2692 2250 2811 2316 che
2857 2271 3047 2317 senza
3090 2271 3229 2317 essa

558 2384 686 2426 non
732 2361 861 2448 pub
921 2361 1194 2447 sperarsi
1251 2382 1398 2426 cosa
1455 2359 1687 2427 bnona.
1778 2362 1867 2449 gli
1925 2362 2218 2429 haviamo
2278 2362 2661 2428 demostrato
2721 2355 2838 2424 che
2896 2360 2962 2424 in
3022 2356 3228 2446 quello

561 2469 825 2555 negocio
873 2489 1001 2533 non
1046 2468 1099 2531 si
1143 2466 1367 2533 havria
1412 2468 1498 2533 da
1543 2469 1774 2555 perdor
1819 2477 1995 2535 tanto
2042 2475 2253 2556 tempo
2315 2489 2430 2556 per
2487 2468 2748 2555 rispetto
2808 2471 2872 2532 et
2930 2466 3231 2530 interesse

560 2574 726 2640 della
771 2576 1062 2662 impresa.
1156 2573 1213 2638 ei
1261 2573 1345 2640 ha
1389 2576 1659 2662 risposto
1706 2598 1876 2641 esser
1919 2577 2279 2658 verissimo,
2338 2597 2445 2640 ma
2502 2575 2618 2640 che
2679 2597 2804 2640 non
2861 2589 2983 2661 par
3028 2572 3230 2639 anche

472 2696 544 2750 20
562 2680 822 2747 honesto
869 2680 984 2747 ohe
1031 2679 1166 2746 Sua
1210 2680 1457 2747 Maesta
1502 2683 1554 2747 si
1602 2679 1855 2748 abbassi
1903 2684 2016 2769 piu
2063 2683 2127 2748 di
2176 2680 2383 2769 quello
2429 2680 2547 2747 che
2592 2703 2954 2768 convenga,
3009 2689 3072 2747 et
3116 2680 3232 2747 ohe

563 2812 628 2855 se
673 2787 718 2855 il
763 2811 831 2855 re
878 2792 975 2854 sta
1021 2812 1095 2854 sn
1142 2787 1205 2854 la
1250 2812 1366 2854 sua
1411 2789 1478 2855 di
1524 2812 1651 2855 non
1714 2790 1892 2856 voler
1950 2812 2119 2855 esser
2179 2787 2387 2878 quello
2445 2787 2563 2855 che
2620 2812 2806 2856 move
2867 2787 2929 2855 la
2986 2791 3234 2877 pratioa

562 2895 665 2962 del
723 2896 1075 2983 parentado
1134 2895 1302 2962 della
1358 2896 1628 2983 figliola‚
1691 2897 1824 2963 Sua
1881 2898 2128 2964 Maesta
2185 2896 2268 2962 ha
2331 2920 2526 2963 causa
2582 2919 2818 2963 ancora
2889 2897 2954 2962 di
3014 2898 3232 2981 starvi,

562 3005 840 3069 maxime
885 3001 1001 3068 ohe
1047 3002 1131 3068 ha
1176 3011 1400 3090 saputo
1446 3003 1563 3069 ohe
1591 3004 1637 3070 il
1681 3027 1750 3069 re
1795 3003 1878 3069 ha
1908 3002 2225 3092 prohibito
2271 3002 2333 3070 la
2361 3005 2583 3092 regina
2628 3027 2745 3070 sua
2773 3003 3021 3092 moglie,
3062 3002 3235 3070 dalla

564 3109 748 3198 quale
794 3108 918 3175 ben
967 3109 1195 3175 voleva
1240 3110 1355 3176 ohe
1402 3113 1864 3199 privatamente
1909 3112 2079 3177 fusse
2124 3133 2452 3198 promossa
2496 3110 2560 3178 la
2604 3113 2849 3199 pratioa
2864 3163 2882 3196 ,
2942 3111 3059 3177 che
3105 3134 3233 3178 non

476 3231 546 3285 25
564 3217 711 3283 dica
754 3216 1032 3283 haverne
1079 3216 1319 3283 havuto
1367 3218 1588 3284 ordine
1633 3218 1719 3283 da
1764 3217 1895 3284 Sua
1939 3219 2187 3284 Maesta
2217 3217 2501 3285 Christu-
2546 3227 2609 3285 et
2653 3218 2731 3285 lei
2780 3242 2907 3285 non
2956 3242 3022 3286 se
3067 3240 3147 3286 ne
3195 3220 3232 3284 ὸ

562 3324 779 3392 voluta
824 3327 1221 3413 impaeoiare.

742 3433 820 3498 Li
866 3433 1139 3499 havemo
1197 3435 1464 3520 risposto
1525 3432 1642 3500 che
1700 3454 1947 3521 sempre
2006 3435 2072 3499 in
2133 3440 2351 3523 queste
2409 3456 2552 3500 cose
2611 3434 2678 3500 di
2738 3435 3137 3501 matrimonio
3196 3434 3234 3499 ὲ

561 3542 918 3606 necessario
965 3540 1083 3607 ohe
1128 3542 1187 3607 oi
1233 3542 1327 3607 sia
1371 3564 1459 3606 nn
1505 3548 1676 3607 terzo
1721 3541 1789 3606 di
1832 3565 2010 3607 mezo
2058 3540 2174 3607 che
2219 3562 2584 3629 proponga‚
2630 3550 2694 3608 et
2752 3541 2868 3608 ohe
2914 3540 3120 3629 quello
3167 3537 3234 3607 di

563 3648 697 3714 Sua
743 3648 992 3714 Santita
1035 3670 1163 3714 non
1210 3650 1245 3712 e
1290 3648 1376 3714 da
1419 3671 1728 3715 recusare.
1820 3672 1949 3715 non
1995 3648 2079 3714 ha
2122 3657 2354 3736 negato
2398 3672 2528 3714 non
2573 3672 2741 3714 esser
2783 3671 2969 3732 vero,
3030 3671 3136 3714 ma
3181 3648 3235 3712 si

473 3769 544 3824 30
563 3757 598 3820 ὲ
646 3761 865 3821 stretto
910 3754 1074 3822 nelle
1122 3756 1319 3844 spalle
1362 3764 1426 3822 et
1469 3756 1641 3823 detto
1690 3757 1806 3823 che
1850 3758 1959 3844 gia
2002 3756 2068 3821 18
2113 3779 2261 3822 cosa
2306 3758 2405 3822 sta
2449 3758 2513 3821 in
2560 3763 2813 3844 questo,
2878 3755 2995 3822 ohe
3039 3757 3093 3820 si
3137 3778 3233 3821 as-

564 3864 718 3950 petti
750 3861 811 3928 la
840 3871 1080 3930 venuta
1109 3863 1213 3929 del
1248 3862 1615 3951 almiraglio.
1708 3888 1748 3931 a
1792 3866 1896 3930 noi
1929 3887 2217 3931 soeeorse
2263 3865 2331 3930 di
2373 3863 2734 3952 replieargli
2782 3886 2899 3930 oon
2946 3863 3235 3951 maggior

562 3970 848 4037 efficacia
892 3978 957 4038 et
1000 3973 1372 4037 inearearne
1416 3970 1478 4037 la
1524 3973 1910 4038 conscientia
1956 3971 2021 4037 di
2065 3971 2198 4039 Sua
2227 3971 2573 4056 Paternita,
2624 3994 2691 4039 se
2732 3994 2859 4038 non
2905 3972 2964 4038 ei
3010 3973 3236 4038 faeeva

562 4080 712 4166 ogni
757 4077 1054 4165 possibile
1100 4079 1343 4164 officio,
1402 4079 1663 4145 aoioehe
1723 4081 1775 4145 si
1835 4082 2073 4146 useisse
2129 4079 2196 4144 di
2258 4082 2461 4167 questi
2507 4079 2780 4168 puntigli
2835 4088 2898 4145 et
2942 4100 3235 4168 operasse

563 4185 681 4251 ohe
712 4186 843 4253 Sua
873 4186 1120 4253 Maesta
1150 4186 1445 4253 laseiasse
1491 4187 1814 4253 intendere
1846 4186 1963 4253 che
1994 4187 2125 4254 Sua
2156 4186 2405 4253 Santita
2450 4188 2618 4253 fusse
2649 4186 2859 4275 quella
2901 4186 3018 4253 ohe
3058 4189 3109 4253 si
3142 4189 3236 4253 in·

473 4306 547 4360 35
564 4300 954 4359 tromettesse
985 4294 1051 4358 in
1083 4293 1310 4381 quello,
1352 4297 1646 4360 massime
1678 4295 1796 4361 ohe
1842 4297 2032 4361 etiam
2080 4295 2124 4360 il
2170 4317 2238 4360 re
2283 4316 2350 4361 se
2393 4318 2492 4361 ne·
2518 4301 2919 4379 contentam,
2967 4317 3145 4361 come
3189 4292 3235 4360 li

562 4399 810 4466 sacemo
855 4401 1088 4466 vedere
1147 4424 1263 4489 per
1307 4401 1366 4468 le
1410 4401 1628 4469 lettere
1659 4403 1725 4468 di
1756 4404 2125 4488 monsignor
2170 4403 2250 4468 de
2281 4401 2560 4485 Adiaee,
2607 4400 2765 4468 oltre
2796 4425 2836 4468 a
2866 4402 3072 4491 quello
3118 4402 3235 4468 che

564 4509 622 4571 ei
667 4507 736 4573 fu
782 4507 953 4573 detto
1000 4507 1084 4574 da
1126 4507 1188 4574 lo
1233 4508 1680 4576 imbaseiatore
1738 4511 1997 4598 proprio
2058 4508 2125 4576 di
2170 4509 2302 4576 Sua
2347 4509 2594 4576 Maesta
2638 4509 2940 4594 obt-istm,
2998 4510 3064 4575 di
3118 4509 3235 4575 ohe

563 4621 724 4680 tutto
770 4612 817 4679 li
862 4614 1115 4681 demmo
1161 4624 1371 4704 parte3
1417 4626 1481 4683 et
1527 4617 1644 4683 ohe
1677 4616 1932 4705 quando
1981 4640 2019 4683 a
2050 4616 2183 4682 Sua
2213 4616 2459 4682 Maesta
2502 4618 2672 4683 fusse
2718 4640 2907 4704 parso
2953 4616 3068 4683 ohe
3102 4617 3236 4683 Sua

562 4720 812 4788 Santita
850 4722 1114 4790 havesse
1144 4725 1445 4791 mandato
1475 4727 1764 4813 maggior
1793 4727 2169 4812 personagio
2215 4746 2330 4812 per
2374 4725 2578 4813 questi
2609 4725 2821 4809 effetti,
2856 4724 3233 4790 credevamo

472 4840 545 4894 40
562 4829 679 4895 ohe
737 4830 800 4895 la
858 4854 985 4895 non
1043 4829 1368 4897 havrebbe
1414 4839 1796 4920 sparagnato
1856 4834 2048 4899 etiam
2106 4831 2232 4898 alla
2285 4833 2545 4920 propria
2602 4854 2876 4919 persona
2928 4832 2996 4897 di
3040 4832 3119 4898 V.
3165 4832 3232 4905 S.

3305 640 3447 693 1545

3262 709 3380 765 Olet.
3407 713 3485 766 29
