3859 5575
472 689 612 740 1545

420 761 558 827 Apr.
590 760 660 811 14

425 1537 567 1609 Apr.
596 1541 664 1592 18

453 1654 593 1725 Apr.
619 1656 659 1707 2

509 1728 561 1780 4.
590 1728 642 1779 6.

493 1800 546 1851 9.
573 1800 641 1850 14

691 470 801 550 698
1579 472 1838 548 'nn-vs
1877 488 2019 549 1545
2053 490 2205 565 April
2243 476 2470 550 14-16.
2570 437 2573 439 1

693 687 908 774 gentia
963 686 1079 753 che
1140 689 1192 752 si
1250 689 1557 755 dimostra
1602 696 1702 754 tra
1748 689 1978 755 Nostro
2024 689 2291 777 Signore
2336 698 2400 755 et
2443 689 2486 755 li
2533 692 2668 756 suoi
2715 692 3018 778 principi,
3079 691 3363 778 dispiace

696 792 1160 860 mirabilmente
1205 794 1307 860 all'
1353 797 1735 884 imperatore
1778 804 1843 863 et
1886 820 1926 862 a
1972 805 2195 885 questa
2239 797 2499 863 Maesta.

872 901 990 966 Nel
1034 904 1510 987 ragionamento
1559 905 1642 968 mi
1704 903 1786 969 ha
1844 905 2021 971 detto
2081 904 2198 970 6116
2257 904 2319 970 16
2366 905 2552 970 Ser¹¹¹⁸
2599 905 2823 989 Anna,
2870 905 3363 999 secondogenita

693 1007 760 1073 di
804 1015 1023 1096 questo
1069 1031 1157 1090 re,
1203 1010 1239 1074 e
1286 1017 1451 1076 stata
1479 1033 1803 1099 promessa
1832 1011 2245 1077 liberamento
2290 1034 2403 1100 per
2448 1011 2677 1099 moglie
2723 1011 2785 1076 al
2828 1011 3001 1098 figlio
3046 1011 3145 1077 del
3193 1013 3362 1077 duca

694 1114 1055 1202 Guglielmo
1101 1139 1214 1183 suo
1259 1117 1572 1204 padrone,
1631 1127 1694 1183 et
1752 1118 1867 1184 che
1912 1119 1975 1183 la
2019 1122 2449 1206 promessione
2494 1119 2581 1184 fin
2630 1121 2737 1206 qui
2783 1119 2977 1202 dura3
3034 1121 3188 1207 pero
3241 1117 3361 1185 che
3416 1132 3457 1185 5

695 1223 1094 1288 succedendo
1149 1225 1500 1311 parentado
1559 1224 1656 1291 col
1717 1226 1882 1291 duca
1941 1225 2259 1292 d’Orliens
2316 1249 2515 1314 pensa
2571 1225 2687 1291 6116
2746 1227 3085 1291 succedera
3132 1249 3249 1291 con
3297 1226 3361 1291 la

695 1331 1116 1418 primogenita
1161 1330 1305 1396 dell’
1352 1333 1729 1419 imperatore
1773 1335 2165 1420 principessa
2208 1334 2275 1398 di
2321 1332 2597 1421 Spagna.

1269 1528 1340 1593 V.
1391 1529 1501 1592 An
1545 1528 1829 1594 Far-nese
1872 1532 2036 1594 1545
2082 1530 2281 1611 April
2323 1532 2408 1593 18
2467 1530 2714 1596 Worms
2743 1534 2812 1617 ¹).

875 1651 991 1717 Poi
1035 1651 1096 1717 la
1142 1661 1382 1719 venuta
1425 1655 1572 1737 mia,
1620 1653 1737 1721 che
1782 1655 1852 1721 fu
1896 1679 1937 1721 a
1981 1655 2026 1720 li
2076 1666 2113 1723 2
2162 1655 2264 1721 del
2311 1657 2600 1739 instante,
2648 1657 2855 1721 scrissi
2903 1656 2984 1721 de
3028 1657 3072 1722 li
3120 1667 3160 1722 4
3208 1664 3273 1721 et
3317 1667 3355 1723 6

694 1782 809 1846 per
851 1758 897 1824 il
944 1759 1394 1848 MarsuppinO,
1457 1761 1539 1827 de
1596 1760 1639 1826 li
1689 1772 1726 1831 9
1775 1770 2158 1849 consegnate
2205 1785 2245 1828 a
2288 1765 2654 1850 monsignor
2701 1763 2826 1827 ΒΜ
2886 1762 3245 1850 d’Augusta
3300 1770 3366 1829 et
3384 1776 3458 1830 10

696 1866 777 1931 de
824 1866 869 1931 li
921 1876 1002 1934 14
1047 1866 1106 1932 16
1153 1870 1490 1955 consegnai
1536 1869 1597 1935 al
1644 1876 1879 1936 mastro
1923 1869 2005 1935 de
2049 1869 2114 1935 16
2156 1878 2339 1957 posta

873 1974 936 2039 A
980 1973 1025 2039 li
1079 1983 1155 2042 15
1204 1974 1397 2041 hebbi
1439 1976 1873 2043 ultimamente
1918 1977 2245 2043 audientia
2287 1977 2372 2042 da
2417 1976 2481 2043 la
2525 1977 2771 2043 Maesta
2800 1976 2999 2063 Regia
3025 1975 3079 2062 ²)
3126 1983 3189 2041 et
3219 1999 3363 2064 par-

695 2078 885 2145 lando
931 2080 1011 2146 de
1055 2081 1120 2146 la
1163 2083 1572 2169 importantia
1617 2082 1717 2149 del
1764 2084 2030 2150 concilio
2076 2091 2140 2150 et
2184 2084 2264 2149 de
2310 2083 2355 2148 li
2405 2084 2840 2172 impedimenti
2884 2083 3000 2149 che
3048 2091 3364 2171 potevano

695 2210 957 2254 nascere
1002 2188 1087 2253 da
1132 2198 1356 2277 questa
1399 2190 1586 2272 dieta,
1632 2190 1696 2255 la
1727 2190 1974 2256 Maesta
2009 2191 2140 2257 Sua
2187 2193 2272 2256 mi
2316 2192 2451 2257 fece
2499 2215 2585 2257 un
2630 2192 2908 2257 discorso
2952 2189 3146 2257 molto
3180 2190 3363 2257 caldo

697 2304 759 2361 et
803 2297 1049 2383 preciso
1095 2298 1160 2361 in
1216 2297 1436 2363 favore
1494 2297 1596 2363 del
1656 2297 1957 2383 concilio,
2018 2299 2571 2365 commettendomi
2636 2299 2796 2365 ch'io
2842 2298 2902 2364 lo
2948 2293 3251 2364 sc’rivesse
3296 2301 3365 2363 in
3389 2312 3459 2366 15

697 2406 846 2490 ogni
891 2404 1094 2469 modo.
1183 2406 1335 2492 pero
1381 2407 1567 2471 usaro
1612 2407 1792 2493 quasi
1838 2406 2275 2472 formalmente
2320 2406 2379 2472 le
2425 2405 2640 2494 parole
2687 2406 2754 2471 di
2800 2406 2891 2472 Su
2937 2406 3199 2490 Maesta,
3247 2405 3365 2471 6116

694 2510 881 2575 furno
927 2509 986 2575 le
1032 2511 1442 2577 infrascritte:
1511 2511 1833 2610 ‘scribatis
1878 2513 2006 2579 Sue
2052 2514 2389 2580 Sanctitati
2450 2513 2621 2601 quod
2670 2514 2866 2579 faciat
2910 2515 3167 2579 omnino
3213 2535 3365 2579 vere

697 2624 760 2682 et
805 2619 965 2683 serio
1011 2618 1347 2685 concilium
1393 2627 1456 2685 et
1510 2620 1679 2708 quod
1727 2629 1981 2686 moneat
2038 2620 2345 2707 prelatos,
2402 2622 2613 2709 privet
2656 2642 2764 2686 eos
2808 2621 2861 2684 si
2909 2643 3035 2685 nou
3082 2622 3365 2703 veniunt,

696 2725 905 2791 mittat
962 2748 1120 2814 quos
1181 2734 1387 2815 potest
1431 2734 1492 2793 et
1539 2728 1670 2795 Sua
1715 2727 2031 2795 Sanctitas
2075 2729 2292 2794 veniat
2335 2726 2779 2816 personaliter3
2840 2727 2998 2794 alias
3055 2726 3365 2793 faciemus

696 2856 812 2898 nos
856 2834 1114 2899 omnino
1162 2835 1705 2919 reformationem,
1765 2838 1915 2924 quia
1977 2837 2029 2900 si
2076 2835 2411 2902 concilium
2473 2859 2601 2901 non
2664 2834 3058 2919 celebratur,
3118 2843 3462 2923 spectat20

696 2941 886 3005 etiam
932 2940 1014 3006 ad
1064 2964 1176 3006 nos
1220 2942 1554 3028 providere
1615 2949 1685 3007 ut
1729 2965 1997 3030 persone
2055 2943 2473 3010 ecclesiastice
2531 2945 2599 3007 in
2658 2944 2870 3029 regnis
2928 2944 3159 3009 nostris
3204 2942 3368 3008 bene

697 3048 952 3128 vivant,
1013 3056 1077 3113 et
1138 3072 1263 3113 non
1316 3057 1523 3136 potest
1584 3048 1765 3115 aliter
1817 3041 2006 3116 fieri'.
2113 3052 2445 3138 soggionse
2504 3073 2700 3116 ancor
2756 3049 3021 3115 ridendo
3079 3073 3199 3115 606
3258 3049 3367 3115 be·

697 3154 972 3241 nignita:
1026 3156 1186 3253 ‘Sua
1217 3157 1534 3222 Sanctitas
1578 3167 1641 3223 et
1673 3156 1868 3223 Cesar
1899 3160 2317 3245 temporizant
2346 3166 2592 3223 tantum
2624 3159 2690 3221 in
2723 3159 2854 3222 suis
2898 3159 3165 3244 negotiis
3196 3158 3369 3245 quod

697 3261 1067 3350 plerumque
1099 3262 1299 3328 multa
1329 3265 1584 3349 negotia
1623 3272 1947 3346 corruunt,
1994 3274 2058 3330 61
2088 3265 2208 3331 1106
2238 3267 2444 3330 evenit
2478 3266 2543 3329 in
2575 3263 2940 3348 Germania,
2986 3265 3138 3352 quia
3168 3263 3369 3330 multa

698 3369 952 3434 fuerunt
996 3369 1170 3435 dicta
1215 3378 1278 3436 et
1324 3379 1592 3437 tractata
1649 3380 1713 3437 et
1759 3371 1912 3436 nihil
1970 3395 2249 3460 unquam
2299 3371 2665 3438 conclusum
2714 3371 2815 3438 vel
2863 3371 3121 3437 factum.
3214 3371 3366 3436 Pro—
3388 3384 3465 3440 25

699 3484 997 3542 testantes
1042 3477 1327 3543 fecerunt
1372 3475 1563 3565 ligam
1626 3486 1847 3544 contra
1904 3501 2054 3563 nos,
2114 3503 2231 3566 ego
2292 3481 2581 3567 promovi
2639 3479 2834 3566 ligam
2881 3477 3255 3544 catholicam
3303 3487 3370 3543 et

700 3582 895 3650 Cesar
939 3586 1295 3669 accettavit,
1342 3584 1476 3651 Sua
1521 3586 1837 3651 Sanctitas
1883 3586 2097 3651 verbis
2144 3586 2343 3652 voluit
2389 3587 2498 3652 sed
2546 3609 2670 3652 non
2718 3587 2940 3652 factis:
2988 3586 3150 3652 adeo
3196 3585 3369 3673 quod

687 3692 826 3779 jam
875 3692 1249 3758 decennium
1298 3691 1533 3758 labitur
1578 3700 1641 3758 et
1685 3695 1901 3758 omnia
1948 3701 2282 3778 corruunt,
2340 3701 2412 3759 ut
2471 3694 2715 3759 videtis.
2809 3693 3127 3781 loquimur
3169 3691 3369 3758 libere

699 3806 763 3864 et
807 3801 1048 3866 sincere
1093 3822 1209 3888 pro
1255 3798 1425 3867 bono
1470 3799 1727 3888 publico
1777 3809 1840 3866 et
1888 3809 1958 3867 ut
2001 3800 2207 3867 bonus
2252 3800 2419 3866 filius
2465 3801 2591 3867 Sue
2637 3790 3054 3866 Sanctitatis'.
3149 3806 3368 3889 questo

847 3997 886 4065 ¹)
935 3997 1049 4066 1⁷91.
1087 3997 1277 4052 hierzu
1311 3997 1448 4051 oben
1484 3997 1541 4053 S.
1582 4001 1687 4053 101
1724 3999 1886 4053 Anm.
1924 4001 1977 4052 3.
3387 4000 3464 4055 30

844 4085 885 4152 2)
924 4086 1078 4141 Hieri
1129 4086 1323 4151 hebbi,
1375 4083 1533 4157 heasst
1578 4104 1633 4141 es
1668 4088 1732 4142 in
1768 4089 1919 4142 einer
1956 4087 2154 4142 cedula
2189 4086 2244 4141 al
2281 4086 2525 4142 cardinal
2563 4086 2615 4139 d’
2653 4085 2913 4157 Augusta
2948 4103 3073 4141 vom
3109 4090 3208 4155 16„
3244 4104 3368 4157 gra·

698 4176 913 4231 tissima
947 4183 1004 4231 61
1040 4176 1278 4248 benigna
1313 4177 1594 4232 audientia
1629 4178 1701 4232 da
1738 4178 1792 4231 la
1829 4174 2046 4232 Maesta
2083 4176 2288 4249 Regia,
2335 4185 2392 4232 61
2431 4176 2672 4231 vedendo
2710 4176 2877 4231 libelli
2916 4175 3142 4243 famosi,
3192 4176 3368 4248 (11ρὶ6-

699 4273 823 4321 ture
858 4275 916 4322 61
951 4273 1106 4321 tante
1142 4267 1439 4338 ignominie
1475 4268 1739 4339 impresse
1785 4276 1842 4323 et
1891 4267 1997 4322 6116
2043 4267 2452 4339 publicamente
2501 4268 2546 4321 si
2587 4266 2829 4321 vendeno
2878 4266 2934 4320 in
2983 4274 3184 4337 questa
3228 4262 3372 4320 citth

700 4363 894 4411 contra
928 4355 984 4410 la
1019 4357 1333 4412 santissima
1378 4373 1609 4428 persona
1658 4357 1715 4411 di
1754 4357 1957 4412 Nostro
1995 4355 2226 4429 Signore
2262 4364 2319 4411 et
2354 4364 2514 4410 santa
2550 4355 2679 4410 sede
2715 4355 3048 4426 apostolica,
3087 4355 3221 4409 dissi
3273 4355 3365 4409 ha·

701 4461 864 4499 verne
911 4445 1127 4516 pat-lato
1175 4445 1246 4500 al’
1285 4445 1369 4499 Ill.
1419 4446 1735 4518 monsignor
1782 4446 1836 4500 di
1875 4446 2181 4510 Granvela,
2230 4446 2270 4499 il
2321 4446 2485 4517 quale
2537 4445 2609 4499 mi
2660 4445 2872 4499 haveva
2921 4445 3147 4499 rimesso
3184 4462 3219 4498 a
3256 4443 3467 4500 Sua35

701 4531 935 4602 Maesta,
971 4534 1247 4589 offerendo
1275 4533 1491 4589 l’offitio
1528 4553 1628 4590 suo
1664 4543 1755 4590 etc
1787 4558 1799 4600 ;
1838 4533 1972 4606 pero
2011 4535 2065 4588 la
2101 4535 2291 4606 pregai
2325 4535 2682 4589 humilmente
2719 4532 2823 4588 che
2859 4533 2905 4587 si
2944 4533 3212 4604 degnasse
3249 4533 3371 4588 fare

700 4624 937 4696 qualche
986 4632 1298 4694 opportuna
1344 4625 1681 4695 provisione,
1731 4625 1966 4678 maxime
2013 4642 2116 4679 606
2166 4623 2373 4678 librari.
2448 4632 2505 4679 61
2541 4619 2745 4694 perche
2793 4623 2867 4677 mi
2915 4624 3125 4694 rispose
3162 4622 3264 4678 che
3300 4640 3372 4678 ne

699 4714 940 4785 parlaria
975 4731 1077 4769 606
1118 4714 1171 4767 16
1207 4712 1261 4767 S.
1302 4712 1370 4767 V.
1407 4721 1465 4768 et
1501 4730 1603 4769 606
1643 4754 1655 4767 .
1679 4755 1691 4767 .
1714 4755 1726 4767 .
1766 4713 2077 4780 Granvela,
2126 4713 2198 4768 mi
2236 4709 2268 4768 ὸ
2304 4729 2470 4784 par-so
2508 4712 2747 4767 scrivere
2783 4720 2984 4784 questa
3028 4712 3139 4767 mia
3175 4712 3374 4768 cedula

701 4811 758 4858 et
806 4803 1144 4875 supplicat-la
1191 4803 1236 4856 si
1286 4802 1450 4873 degni
1501 4809 1710 4873 quanto
1760 4804 1940 4874 prima
1976 4800 2086 4874 pub
2126 4819 2443 4873 promovere
2494 4802 2837 4857 caldamcnte
2884 4808 3082 4873 questo
3130 4802 3370 4872 negotio.

713 4892 827 4968 V91.
866 4892 1013 4947 auch
1047 4909 1168 4946 zum
1204 4890 1686 4962 michsisolyenden
1722 4890 1905 4946 Seeck.
3390 4893 3471 4949 40
