3859 5575
1548 449 1647 506 No.
1685 452 1785 506 35:
1830 450 1968 506 1545
2001 450 2128 505 Jnni
2168 450 2215 506 7.
3108 449 3214 511 189

722 643 821 709 La
878 643 1127 709 Maesta
1185 644 1386 730 Regia
1444 645 1510 710 di
1576 668 1790 710 nuovo
1858 645 1942 710 ha
2011 646 2313 733 replicato
2386 645 2503 711 che
2571 646 2634 712 la
2686 646 2959 713 Cesarea
3012 654 3075 712 et
3123 645 3210 712 lei

543 753 839 838 vogliano
870 753 936 815 in
967 753 1116 838 ogni
1146 751 1337 816 modo
1369 752 1414 817 il
1445 751 1735 834 concilio,
1782 775 1888 818 ma
1918 753 2035 819 che
2067 755 2161 818 sia
2206 753 2289 818 da
2335 775 2486 818 vero
2533 762 2597 819 et
2640 776 2761 818 con
2792 754 3006 838 frutto,
3052 761 3115 819 et
3144 755 3211 817 in

542 857 632 923 tal
676 858 929 944 negotio
974 881 1102 924 non
1153 881 1586 924 mancaranno
1632 859 1698 923 di
1743 859 1888 947 quel
1936 859 2051 926 che
2097 862 2403 925 conviene
2460 861 2523 926 al
2582 859 2785 925 offitio
2840 862 3022 926 loro.·
3081 883 3212 925 non

543 967 821 1052 potiamo
878 965 1012 1030 dire
1071 966 1265 1049 altm,
1323 965 1531 1031 finche
1586 968 1955 1053 monsignor
2013 975 2230 1032 nostro
2276 967 2403 1032 Β1110
2449 965 2598 1032 Ill¹er
2645 967 2710 1031 di
2759 966 3037 1032 Farnese
3083 989 3211 1031 non

491 1074 761 1150 5arriva
804 1096 845 1137 a
889 1073 1094 1138 Roma
1138 1080 1201 1137 et
1246 1095 1375 1138 non
1420 1074 1656 1139 manda
1713 1095 1840 1160 qua
1899 1097 2028 1138 una
2084 1075 2354 1161 risposta
2412 1072 2516 1138 del
2576 1075 2894 1160 negotiato
2954 1074 3020 1139 di
3081 1073 3214 1138 Sua

545 1180 840 1266 Signoria
884 1180 1014 1244 ΒΨ*
1058 1178 1227 1246 Ill¹⁰⁸.

722 1284 1088 1352 Habbiamo
1135 1309 1319 1373 preso
1364 1286 1782 1373 grandissimo
1839 1287 2192 1373 dispiacere
2251 1287 2332 1352 de
2389 1286 2457 1352 18
2511 1288 2839 1375 inopinata
2883 1296 3086 1353 morte
3133 1286 3213 1352 de

544 1395 606 1460 la
650 1393 803 1458 Ill¹²¹⁸
848 1395 1103 1480 signora
1150 1393 1522 1459 Constantia
1568 1444 1581 1458 .
1615 1444 1629 1458 .
1664 1445 1676 1458 .
1708 1394 1776 1481 ²).

724 1501 1065 1565 Facciamo
1109 1499 1333 1565 iuditio
1381 1500 1496 1565 che
1540 1499 1606 1565 la
1650 1503 2073 1587 negotiatione
2133 1501 2197 1566 di
2244 1524 2371 1589 qua
2427 1524 2509 1567 ne
2565 1502 2630 1566 18
2675 1502 3074 1567 conclusione
3119 1502 3215 1565 in·

457 1630 526 1684 10
546 1607 787 1674 clinara
831 1631 870 1672 a
915 1630 1066 1671 man
1097 1606 1309 1672 destra
1354 1629 1391 1672 o
1437 1630 1479 1671 8
1509 1609 1760 1673 sinistra
1790 1609 2052 1674 sicondo
2083 1607 2128 1673 li
2160 1608 2368 1674 advisi
2400 1609 2514 1675 che
2545 1630 2860 1674 verranno
2893 1609 2958 1674 di
2988 1610 3213 1691 Roma,

546 1724 610 1780 et
663 1714 897 1801 perche
941 1715 987 1779 il
1043 1722 1240 1801 ponto
1288 1715 1322 1778 ὲ
1384 1713 1617 1779 ridotto
1663 1716 1729 1779 in
1774 1714 2053 1781 bilancia
2067 1766 2085 1799 ,
2132 1715 2501 1803 preghiamo
2558 1715 2604 1781 il
2664 1717 2879 1801 signor
2924 1714 3048 1780 Dio
3097 1712 3214 1779 6116

544 1823 765 1908 inspiri
833 1822 1063 1887 Nostro
1132 1821 1399 1907 Signore
1466 1844 1506 1885 a
1574 1821 1924 1887 deliberare
1993 1831 2457 1889 maturamente
2525 1821 2671 1910 quel
2742 1822 2860 1887 che
2928 1824 3023 1887 sia
3088 1820 3214 1886 ben

545 1927 820 2016 publico.
1734 1976 1739 1980 -

724 2036 1024 2119 Venerdl,
1071 2035 1187 2101 che
1230 2037 1417 2101 furno
1463 2058 1502 2100 a
1547 2034 1593 2099 li
1641 2046 1700 2120 5,
1748 2037 1802 2099 si
1844 2034 2054 2101 hebbe
2100 2035 2160 2101 lo
2208 2037 2459 2123 spaccio
2507 2036 2569 2100 81
2614 2037 2741 2101 R¹¹¹⁰
2788 2043 2851 2101 et
2894 2035 3044 2100 mmo
3079 2058 3212 2101 car-

460 2162 529 2217 15
549 2144 758 2209 dinale
804 2143 1082 2208 Farnese
1127 2143 1430 2208 mandato
1476 2144 1560 2209 (18
1604 2142 1682 2208 V.
1715 2143 1841 2208 Bm
1890 2143 1951 2209 S.
1980 2144 2056 2231 ²),
2101 2143 2217 2208 che
2263 2166 2328 2208 se
2374 2142 2416 2208 li
2462 2143 2701 2208 manda
2746 2165 2866 2208 con
2912 2151 3144 2231 queste.

724 2249 780 2315 Il
827 2249 1148 2315 cardinale
1192 2250 1259 2315 di
1304 2249 1671 2336 Mag-uncia,
1716 2249 2017 2315 l'elettore
2062 2250 2127 2315 di
2174 2251 2440 2315 Treveri
2494 2259 2559 2316 et
2615 2249 2879 2315 l'elettor
2925 2249 3216 2316 Palatino

548 2357 760 2423 hanno
807 2357 1186 2422 comandato
1232 2378 1273 2421 8
1319 2359 1463 2422 tutti
1507 2356 1606 2422 lor
1650 2357 1887 2422 subditi
1935 2358 2051 2422 che
2096 2359 2151 2421 si
2196 2357 2447 2422 trovino
2490 2359 2557 2421 in
2589 2357 2812 2422 ordine
2841 2358 3069 2422 armati
3099 2378 3216 2443 per

546 2487 716 2530 esser
758 2465 968 2551 pronti
1013 2487 1054 2528 a
1100 2466 1250 2550 ogni
1296 2462 1594 2549 bisogn0,
1656 2473 1718 2529 et
1773 2465 1926 2551 pero
1986 2466 2134 2529 tutti
2192 2466 2244 2530 si
2302 2486 2581 2529 armano.
2659 2462 2716 2528 el
2774 2462 2976 2528 simile
3021 2463 3214 2528 fanno

546 2571 930 2637 Protestanti
957 2574 1044 2655 8);
1092 2593 1220 2636 non
1267 2593 1525 2657 sapemo
1570 2570 1617 2635 il
1663 2571 1788 2636 fine
1835 2571 1952 2636 che
1999 2574 2157 2636 sara.
2225 2571 2352 2636 Dio
2401 2570 2736 2636 benedetto
2779 2594 2895 2658 per
2941 2595 3057 2636 sua
3101 2573 3216 2635 mi-

460 2794 531 2849 20
550 2786 647 2842 der
685 2786 1074 2841 Protestanten
1108 2804 1186 2840 an
1224 2785 1548 2854 Granvella,
1594 2786 1660 2840 in
1707 2785 1804 2840 dor
1838 2786 1917 2841 sie
1954 2805 2010 2841 u.
2050 2805 2101 2841 a.
2141 2786 2398 2841 betonten
2447 2786 2579 2855 che,
2628 2786 2876 2842 havendo
2926 2786 3067 2842 fatto
3119 2787 3216 2843 im-

549 2876 752 2948 primer
787 2876 1152 2946 l’imperatore
1188 2876 1244 2929 in
1273 2875 1521 2930 Lovania
1553 2877 1691 2931 certi
1719 2876 1967 2946 capituli,
2004 2875 2139 2931 tutti
2170 2876 2430 2930 contrarii
2458 2875 2569 2931 alla
2605 2875 2847 2930 dottrina
2883 2884 2940 2931 et
2977 2876 3217 2948 opinion‘

549 2966 683 3033 loro,
720 2973 776 3020 et
812 2966 1045 3019 maxime
1081 2965 1170 3019 nel
1206 2965 1370 3035 quale
1406 2963 1481 3019 (111,
1516 2965 1556 3020 11
1592 2966 1830 3036 primato
1865 2965 1921 3018 al
1956 2964 2250 3036 pontifice,
2285 2965 2327 3019 il
2364 2966 2469 3020 che
2516 2982 2625 3019 non
2662 2962 2694 3020 ὲ
2729 2966 2873 3021 altro
2910 2966 3012 3021 che
3048 2967 3221 3021 haver

549 3054 856 3110 dechiarita
890 3054 1150 3124 l’opinion
1186 3070 1291 3108 sua
1325 3071 1491 3110 senza
1524 3054 1947 3110 determination
1982 3055 2037 3108 di
2076 3054 2333 3122 concilio,
2370 3071 2480 3108 non
2516 3071 2687 3109 sanno
2722 3072 2758 3108 a
2794 3055 2898 3110 che
2933 3056 3216 3126 proposito

548 3145 687 3200 hora
722 3145 770 3198 si
805 3143 991 3198 debba
1025 3143 1325 3197 domandar
1361 3144 1626 3210 concilio,
1673 3144 1923 3198 havendo
1978 3140 2073 3214 318
2123 3143 2237 3199 Sua
2281 3140 2500 3198 Maesta
2550 3142 2785 3198 Cesarea
2819 3143 3098 3199 lasciatosi
3133 3144 3216 3197 in-

460 3238 532 3294 25
550 3233 743 3288 tender
788 3233 934 3287 assai
983 3232 1357 3286 chiaramonte
1403 3231 1726 3302 (anyefi‘lhrt
1775 3232 2044 3286 Gachard
2091 3233 2124 3285 l.
2166 3233 2199 3286 1.
2230 3249 2290 3300 p.
2330 3237 2433 3300 89,-
2480 3233 2581 3301 vyl.
2626 3239 2803 3287 maten
2850 3250 2935 3287 nr.
2986 3235 3095 3300 42).
3149 3261 3217 3271 —

557 3311 695 3377 Uber
730 3321 1106 3375 vemittelnde
1153 3320 1493 3390 Vorschldye,
1529 3321 1723 3376 welche
1759 3320 1849 3374 die
1884 3320 2271 3375 Kaiserliehen
2309 3338 2401 3374 am
2436 3325 2474 3374 8
2500 3321 2646 3374 Juni
2682 3322 2790 3375 den
2827 3320 3224 3386 Wortstihrem

549 3410 646 3465 der
674 3411 1180 3478 protoetantisehen
1222 3410 1542 3464 Gesandcen
1578 3409 2032 3476 unterbreiteten,
2081 3408 2204 3462 wnd
2256 3408 2424 3463 deren
2472 3410 2802 3479 Abweiswnq
2852 3412 2955 3479 vql.
2993 3409 3217 3465 8661668-

553 3499 707 3566 dorff
730 3500 842 3554 ΙΠ
865 3517 924 3569 p.
961 3502 1071 3554 562
1109 3498 1423 3564 (Schreiben
1469 3499 1561 3554 des
1606 3489 2056 3553 kursiz'chsischcn
2092 3498 2373 3553 Kanzlers
2420 3499 2610 3553 Brt'o'ck
2654 3516 2775 3554 vom
2820 3504 2860 3553 8
2894 3501 3059 3568 Juni)
3096 3500 3219 3553 und

549 3586 987 3658 Kannenyiesser
1022 3589 1076 3643 S.
1116 3588 1257 3653 65ff.
1272 3609 1293 3656 ‚·
1326 3589 1459 3642 aber
1495 3588 1586 3642 die
1623 3588 1835 3642 weitere
1871 3587 2274 3657 Entwickluny
2311 3607 2353 3644 6.
2392 3594 2570 3643 unten
2612 3607 2683 3643 zu
2718 3606 2805 3643 nr.
2844 3592 2933 3643 42.
2974 3619 3040 3627 —
3107 3589 3214 3658 Vyl.

460 3679 691 3736 30noch
725 3678 885 3732 einen
918 3678 1148 3732 Beria-ht
1186 3677 1515 3732 Granvellas
1551 3695 1630 3730 an
1667 3677 1917 3746 Ko'niyin
1956 3676 2158 3731 Maria
2193 3695 2315 3732 vom
2353 3681 2420 3732 13
2456 3680 2629 3733 me':
2675 3685 2733 3733 et
2778 3696 2852 3733 811
2889 3679 3084 3747 regal-d
3121 3678 3220 3733 des

550 3766 769 3821 affaires
805 3766 874 3821 de
913 3772 1060 3821 ceste
1097 3767 1268 3820 diette
1306 3766 1396 3820 lon
1433 3773 1519 3820 est
1554 3766 1830 3820 tousiours
1867 3783 1937 3820 en
1974 3765 2239 3820 differend
2295 3784 2428 3822 avec
2479 3768 2559 3821 les
2607 3768 2930 3822 Protestans
2967 3786 3062 3821 sur
3097 3767 3218 3821 leur

550 3856 888 3911 obstination
940 3864 1113 3927 quant
1162 3873 1197 3910 a
1243 3873 1349 3910 non
1401 3856 1613 3910 vouloir
1657 3872 1968 3926 appreuver
2017 3856 2067 3909 le
2120 3855 2333 3910 66116116
2388 3863 2445 3911 et
2494 3856 2641 3927 quilz
2688 3863 2988 3911 sarrestent
3034 3856 3218 3910 destre

550 3945 842 4000 assheurez
879 3953 1069 4001 contre
1107 3946 1309 4016 icelluy
1347 3952 1404 3999 et
1440 3962 1608 4015 aussy
1644 3962 1783 4015 pour
1818 3944 1873 3999 la
1920 3945 2199 4015 provision
2252 3944 2321 3998 de
2370 3945 2425 3999 la
2453 3945 2672 4015 justice.
2746 3952 2803 3998 et
2852 3945 2944 3999 lon
2991 3945 3220 4016 negocie

550 4034 829 4088 tousiours
864 4051 998 4088 avec
1036 4035 1161 4089 eulx
1198 4034 1557 4104 temporisant
1593 4033 1883 4088 toutesfois
1919 4050 2061 4103 pour
2097 4033 2360 4088 actendre
2406 4034 2683 4088 nouvelles
2730 4033 2805 4088 du
2852 4050 2997 4105 pape
3034 4051 3129 4088 sur
3166 4033 3224 4087 18

461 4125 533 4181 35
555 4123 760 4195 charge
797 4123 872 4177 du
909 4123 1152 4177 cardinal
1192 4122 1446 4177 Farnese.
1522 4129 1578 4177 et
1613 4140 1648 4177 a
1685 4139 1747 4177 ce
1785 4139 1892 4194 que
1936 4125 1994 4193 je
2041 4123 2166 4193 puis
2220 4122 2575 4193 comprendi-e
2625 4123 2857 4177 d'iceulx
2895 4123 3223 4177 Protestans

551 4220 607 4268 et
642 4213 795 4268 aussi
831 4213 898 4267 de
935 4213 990 4267 la
1026 4214 1235 4267 crainte
1273 4220 1329 4267 et
1365 4220 1581 4283 respect
1618 4229 1725 4284 que
1764 4212 1842 4266 les
1880 4212 2248 4282 Catholiques
2286 4211 2409 4266 16111·
2444 4212 2706 4278 11666661,
2736 4213 2796 4283 je
2831 4230 2901 4266 ne
2938 4213 3052 4266 suis
3088 4212 3217 4276 hors

550 4303 770 4373 despoir
806 4319 914 4374 que
952 4302 1044 4356 lon
1080 4318 1284 4372 pourra
1318 4301 1455 4356 faire
1492 4301 1732 4373 quelque
1767 4318 1920 4356 reces
1959 4300 2252 4356 tollerable
2290 4300 2440 4354 selon
2479 4300 2529 4354 16
2565 4307 2774 4370 temps,
2811 4302 2858 4355 si
2896 4300 2972 4355 du
3009 4300 3219 4355 coustel

549 4392 627 4446 du
662 4392 744 4446 dit
781 4408 925 4462 pape
960 4407 1029 4445 ne
1066 4391 1216 4444 vient
1253 4392 1419 4445 chose
1454 4407 1561 4462 que
1600 4390 1767 4445 baille
1803 4406 1970 4445 cause
2006 4390 2121 4444 dun
2152 4389 2420 4460 besoigne
2446 4397 2785 4456 autrement3
2823 4391 2960 4445 mais
2988 4392 3105 4445 ceci
3135 4395 3224 4444 est

551 4497 641 4535 ma
678 4480 872 4550 simple
908 4479 1192 4546 fantaisie‚
1229 4495 1297 4532 en
1335 4479 1569 4551 laquelle
1616 4480 1831 4550 supplic
1870 4478 2041 4534 Votre
2079 4477 2313 4550 Majeste
2354 4480 2412 4548 je
2457 4494 2525 4531 ne
2575 4478 2688 4532 soie
2724 4478 2957 4550 81163116.
3043 4478 3226 4546 Wien,

459 4572 532 4626 40
550 4570 628 4624 H.
647 4570 726 4624 Η.
747 4570 826 4624 St.
846 4570 915 4623 A.
954 4570 1200 4640 Belgica.
1261 4566 1408 4637 Oriq.

697 4660 736 4726 ¹)
785 4658 899 4728 Vyl.
935 4676 1007 4712 zu
1042 4659 1199 4712 Mon.
1242 4657 1395 4712 Trid.
1434 4674 1527 4711 nr..
1557 4661 1656 4711 112
1691 4656 1767 4726 (p.
1804 4660 1948 4726 103).

694 4747 736 4815 ¹)
772 4747 847 4802 D.
886 4748 922 4801 i.
963 4747 1066 4802 das
1100 4746 1518 4801 unbedeutende
1554 4745 1847 4801 Schreiben
1883 4765 2005 4802 vom
2039 4752 2072 4801 1
2106 4748 2265 4815 Juni,
2302 4748 2459 4802 Mon.
2501 4745 2654 4801 Prata.
2691 4763 2777 4800 nr.
2814 4749 2935 4800 124.

696 4836 737 4905 ⁸)
774 4827 1033 4903 1111811611,
1071 4837 1185 4902 fast
1221 4836 1484 4904 ωόνιὶίοὴ,
1522 4837 1615 4891 ein
1649 4853 1758 4891 von
1806 4836 2021 4892 Verallo
2057 4838 2180 4891 und
2215 4837 2569 4907 Miynanello
2614 4834 3027 4903 unterfmiytes
3063 4831 3225 4887 Post·

3273 650 3414 700 1545

3247 720 3392 773 Jum'
3414 721 3458 773 7

3250 2045 3394 2100 ani
3410 2049 3453 2099 5
