3859 5575
671 440 775 500 166
1663 442 1761 496 No,
1800 443 1892 497 29:
1934 442 2072 496 1545
2111 442 2217 496 Mai
2253 443 2337 496 22.

449 642 587 722 1545
669 638 752 701 mi
802 659 955 702 sono
1002 637 1274 702 resoluto
1321 636 1385 700 di
1432 659 1555 700 non
1605 643 1905 702 116116661·
1951 639 2063 724 pin
2108 636 2415 716 Matthio,
2475 660 2581 702 ma
2625 636 2913 702 lasciarlo
2958 637 3163 702 andar
3214 660 3335 704 con

402 711 534 766 Mm
552 715 631 766 22
668 754 888 831 questo
935 754 997 808 et
1046 767 1179 809 con·
1214 743 1361 830 quel
1406 743 1472 808 di
1518 746 1629 830 piu
1678 743 1794 808 che
1839 746 1926 808 mi
1977 745 2012 807 e
2059 766 2314 809 occorso
2361 744 2568 830 (legno
2614 743 2782 809 della
2827 745 3051 810 notitia
3093 744 3160 809 di
3205 744 3337 810 Sua

669 852 918 916 Santita
946 874 1062 937 per
1093 850 1150 917 le
1179 850 1337 915 altre
1370 851 1794 915 commissioni
1836 849 1954 915 che
1985 858 2212 915 tenevo
2243 856 2306 933 ¹).
2383 858 2446 915 et
2491 872 2670 916 come
2716 851 3146 937 sopragiunga
3175 849 3337 916 altro

669 958 736 1022 di
796 966 1149 1041 momentO,
1210 957 1460 1043 spediro
1519 957 1586 1022 di
1644 978 1810 1021 novo
1870 971 1935 1021 et
1995 956 2161 1022 terro
2225 956 2666 1042 ragguagliata
2723 955 3159 1044 puntalrnente
3204 956 3338 1022 Sua

670 1065 1073 1130 Beatitudine
1118 1073 1181 1129 et
1225 1063 1285 1129 16
1332 1064 1390 1129 S.
1419 1063 1496 1131 V.
1532 1064 1659 1128 ΒΜ
1709 1064 1775 1128 (11
1818 1074 2057 1151 quanto
2105 1066 2156 1128 si
2204 1066 2468 1128 11611616
2511 1065 2624 1151 piu
2669 1065 2737 1128 in
2781 1071 3004 1151 questa
3045 1086 3237 1129 661166
3262 1066 3334 1146 ²).
3390 1075 3427 1130 5

849 1172 925 1236 In
973 1180 1151 1237 tanto
1196 1170 1255 1236 16
1300 1181 1614 1257 potranno
1660 1193 1929 1257 pensare
1977 1193 2167 1257 sopra
2211 1178 2431 1257 questo
2479 1181 2541 1235 et
2586 1171 2859 1235 scrivere
2905 1169 2950 1234 il
2986 1192 3173 1257 parer
3201 1169 3336 1235 loro

670 1301 709 1343 a
742 1278 943 1342 Roma
988 1301 1104 1366 per
1150 1277 1424 1342 staffetta
1454 1299 1646 1342 senza
1675 1285 1980 1343 trattener
2009 1286 2210 1364 punto
2242 1277 2530 1359 matthie,
2577 1278 2731 1364 pero
2768 1277 3177 1360 advertendo,
3224 1299 3338 1364 per

672 1396 908 1472 quanto
956 1385 1013 1450 16
1061 1385 1434 1450 desiderano
1480 1384 1667 1449 farmi
1711 1386 1937 1471 gratia,
1986 1384 2053 1450 di
2097 1408 2225 1449 non
2271 1385 2370 1448 far
2414 1407 2668 1449 rumore
2709 1384 2774 1449 di
2805 1393 3023 1471 questo
3053 1385 3336 1471 intopp0‚

671 1492 878 1557 finche
926 1514 1051 1558 non
1100 1493 1153 1555 si
1199 1492 1340 1555 fara
1384 1493 1546 1557 visto
1592 1493 1704 1578 piu
1751 1491 2017 1556 adentro
2063 1514 2104 1556 a
2151 1491 2269 1555 6116
2315 1491 2565 1556 6616166
2611 1499 2676 1555 61
2719 1491 3094 1556 resolutione
3139 1492 3191 1555 si
3236 1513 3336 1555 va.

672 1609 735 1664 et
781 1622 971 1686 sopra
1017 1607 1179 1664 tutto
1224 1621 1354 1663 non
1414 1600 1465 1663 si
1511 1597 1662 1664 lasci
1723 1601 1893 1663 uscir
1951 1621 2112 1663 voce
2173 1597 2290 1662 che
2351 1597 2774 1684 l'imperatore
2834 1621 2957 1663 666
3023 1597 3235 1684 voglia
3294 1597 3430 1665 illo

672 1707 970 1789 concilio,
1032 1704 1271 1792 perche
1315 1705 1461 1769 dice
1505 1714 1568 1770 et
1612 1705 1870 1792 predica
1914 1713 2078 1770 tutto
2125 1705 2168 1769 il
2233 1707 2582 1788 contrari03
2642 1713 2705 1769 et
2763 1727 2942 1770 come
3001 1704 3117 1770 6116
3175 1712 3338 1770 111116

673 1812 1046 1899 procedesse
1093 1811 1258 1877 dalle
1303 1811 1521 1878 lettere
1565 1820 1629 1876 et
1672 1814 1874 1876 avvisi
1925 1813 2087 1893 mei,
2147 1810 2210 1876 lo
2255 1812 2464 1898 potria
2510 1810 2742 1877 havere
2787 1834 2900 1898 per
2943 1810 3109 1877 male
3154 1821 3217 1877 et
3260 1834 3340 1877 ne

674 1919 1039 1984 succederia
1084 1919 1294 1985 effetto
1340 1921 1657 1985 contrario
1706 1942 1746 1983 a
1791 1918 1939 2006 quel
1985 1918 2103 1983 6116
2148 1920 2212 1982 16
2260 1927 2442 2005 parte
2487 1920 2548 1983 io
2595 1918 2678 1983 ho
2725 1919 3078 1984 desiderato
3111 1918 3177 1983 di
3207 1919 3340 1984 fare

675 2024 772 2088 661
818 2042 1032 2090 mezzo
1079 2025 1145 2089 di
1191 2035 1414 2113 questa
1458 2028 1587 2091 mia
1631 2035 1896 2108 venuta,
1961 2026 2023 2091 16
2070 2024 2257 2112 quale
2302 2027 2369 2090 in
2433 2026 2584 2111 ogni
2644 2026 2830 2090 modo
2877 2027 3022 2090 6616
3066 2033 3230 2091 61616
3275 2025 3340 2090 (11

673 2132 888 2215 1111116,
936 2140 999 2197 61
1044 2135 1234 2197 611616
1281 2136 1347 2197 16
1379 2142 1599 2220 questo
1644 2132 2021 2220 particolare
2068 2131 2171 2197 del
2218 2132 2484 2198 concilio
2531 2155 2657 2197 666
2704 2132 2943 2214 diffido,
2988 2133 3197 2219 prima
3226 2131 3341 2197 6116
3364 2143 3430 2198 15

673 2240 734 2302 16
781 2248 983 2325 parto,
1031 2240 1097 2304 di
1141 2246 1358 2327 potere
1403 2262 1740 2305 accozzare
1784 2240 1843 2304 16
1891 2262 2036 2305 6666
2081 2241 2148 2304 16
2196 2238 2463 2327 qualche
2523 2238 2695 2305 buon
2750 2241 3014 2304 termine
3059 2241 3112 2303 si
3160 2239 3341 2304 fatta-

674 2357 882 2411 mente
931 2345 1086 2411 che'l
1132 2345 1388 2433 publico
1436 2348 1677 2412 restari).
1721 2349 1955 2412 servito
2003 2355 2067 2411 61
2112 2355 2213 2412 116
2258 2345 2391 2412 Sua
2436 2346 2685 2412 Santita
2729 2354 2792 2411 61
2836 2346 2968 2412 Sua
2997 2347 3243 2412 Maesta
3285 2345 3344 2412 le

676 2473 820 2516 cose
867 2474 933 2516 se
979 2453 1439 2518 intenderanno
1486 2476 1661 2519 come
1708 2453 1753 2518 il
1797 2453 2000 2539 grado
2048 2452 2191 2518 dell'
2225 2476 2350 2518 1166
2397 2461 2461 2518 61
2506 2453 2647 2519 dell'
2696 2452 2858 2519 altro
2903 2462 2967 2518 et
3009 2453 3073 2518 16
3106 2452 3345 2541 qualita

676 2557 756 2622 de
830 2561 1024 2646 tempi
1103 2562 1444 2627 riceroano.
1549 2563 1795 2626 intanto
1869 2560 1927 2625 le
1988 2560 2053 2627 S.
2121 2560 2199 2625 V.
2256 2561 2388 2625 Rm
2458 2563 2545 2625 mi
2616 2569 2928 2647 potranno
3000 2563 3343 2626 rescrivere

676 2664 883 2752 quello
930 2666 1047 2731 che
1093 2666 1155 2731 16
1198 2670 1428 2754 parera
1472 2667 1589 2733 6116
1633 2691 1822 2755 possa
1866 2690 2071 2733 essere
2100 2669 2507 2755 approposito
2539 2671 2746 2755 prima
2777 2668 2892 2734 6116
2923 2669 2984 2732 16
3016 2670 3104 2732 161
3134 2676 3343 2755 parta,
3363 2678 3434 2732 20

677 2772 792 2838 che
837 2796 1035 2860 penso
1084 2776 1230 2838 sara
1275 2774 1373 2839 fra
1419 2774 1580 2841 dieci
1628 2799 1665 2842 o
1713 2776 1939 2842 dodeci
1984 2775 2193 2863 giomi
2242 2774 2536 2841 anchora.

408 2892 539 2948 Μαι·
566 2895 643 2947 22
860 2880 966 2944 Da
1014 2882 1309 2946 Wormes
1354 2905 1395 2947 a
1442 2894 1524 2950 22
1572 2884 1640 2948 di
1684 2885 1941 2969 maggio
1993 2893 2160 2951 1545
2192 2884 2265 2969 ⁸).

674 3131 934 3201 feiertay)
972 3134 1179 3187 erzcihlt
1217 3133 1524 3203 Capilupo:
1562 3133 1610 3188 11
1647 3134 1926 3189 cardinale
1963 3134 2019 3188 di
2057 3133 2302 3188 Parnese
2338 3130 2370 3188 ὲ
2409 3133 2488 3187 116
2522 3132 2635 3187 6116
2670 3148 2849 3186 166666
2883 3139 2941 3186 61
2975 3132 3088 3186 6116
3122 3132 3348 3203 predica

675 3221 731 3275 in
769 3222 1023 3292 palazzo;
1063 3239 1133 3276 va
1168 3223 1258 3292 poi
1296 3239 1331 3276 a
1366 3222 1615 3277 desinare
1652 3240 1755 3279 666
1797 3222 2029 3293 Agosta.
2104 3223 2274 3294 hoggi
2313 3218 2518 3277 havera
2565 3222 2830 3276 audienza
2865 3220 2956 3274 dal
3000 3220 3346 3290 imperatore.

678 3309 964 3380 (Derselbe
1014 3328 1106 3364 am
1153 3312 1273 3364 24..·
1321 3309 1367 3363 si
1417 3310 1562 3366 tiene
1612 3301 1700 3366 fra
1747 3327 1980 3381 persone
2030 3311 2086 3366 di
2137 3311 2372 3382 giuditio
2422 3311 2525 3366 che
2576 3310 2944 3381 l’imperatore
2980 3325 3144 3364 senza
3178 3307 3436 3364 dubio25

677 3400 881 3456 debbia
917 3399 1229 3456 accordarsi
1270 3416 1372 3454 666
1412 3399 1525 3455 Sua
1561 3397 1813 3468 Santita,
1851 3409 1909 3454 et
1946 3401 2186 3472 potendo
2237 3402 2437 3455 havere
2489 3400 2543 3454 la
2587 3407 2788 3470 tregua
2835 3399 2938 3454 che
2975 3399 3023 3453 si
3057 3399 3350 3468 procaccia

677 3491 763 3544 col
802 3489 1006 3558 Turco,
1043 3490 1126 3543 sia
1160 3507 1260 3560 per
1297 3489 1414 3544 fare
1450 3489 1591 3543 delle
1627 3489 1859 3544 facende
1898 3491 1955 3544 in
1994 3497 2188 3562 queste
2224 3489 2426 3561 partit)

824 3580 864 3646 ¹)
903 3578 1022 3634 Der
1057 3579 1287 3633 Bericht
1322 3578 1600 3632 Fameses
1633 3580 1769 3633 aber
1804 3580 1896 3634 die
1932 3595 2060 3634 6666
2098 3579 2421 3650 particulari
2462 3579 2591 3648 lieyt
2623 3579 2778 3633 nicht
2826 3593 2939 3632 vor.
3012 3576 3162 3631 Eine
3200 3577 3349 3631 Hin-

679 3668 928 3738 deutuny
965 3667 1081 3733 auf
1109 3667 1397 3721 denselben
1433 3668 1646 3721 enthdlt
1682 3667 1773 3721 die
1809 3670 1979 3723 sehon
2014 3667 2293 3723 erwdlmte
2331 3668 2667 3737 Mitteilnmq
2713 3667 2815 3722 der
2849 3667 3032 3723 Kurie
3080 3685 3158 3721 an
3195 3667 3350 3720 Pier-

681 3759 823 3827 luiyi
860 3774 981 3811 vom
1017 3761 1094 3810 30
1132 3757 1289 3810 Mai:
1326 3763 1384 3810 et
1419 3752 1574 3827 digia
1610 3757 1751 3811 s'era
1786 3757 2075 3828 ragionato
2111 3757 2169 3810 di
2205 3755 2458 3811 Fabritio
2497 3752 2782 3828 [Colonna]
2819 3773 2922 3811 666
2951 3757 3267 3828 monsignor
3293 3755 3441 3810 11130

678 3846 975 3911 Granvela,
1014 3847 1052 3900 il
1091 3847 1255 3917 quale
1290 3846 1433 3899 dava
1468 3862 1736 3916 speranza
1771 3847 1877 3902 che
1912 3847 1967 3900 vi
2006 3846 2052 3900 si
2089 3844 2435 3917 pigliarebbe
2472 3844 2622 3900 buon
2660 3852 2822 3900 sesto.
2907 3844 3022 3915 1⁷91.
3061 3862 3176 3900 was
3203 3844 3350 3899 Far-

676 3953 801 3991 ·nese
837 3936 996 3990 solbet
1033 3933 1149 3999 auf
1178 3934 1284 3988 den
1320 3940 1496 3988 ersten
1531 3934 1829 3989 Eindruck
1876 3937 1980 3990 hin
2027 3937 2126 4001 (im
2172 3935 2539 4005 anyefnhrten
2573 3933 2856 4000 Entwurf
2893 3952 2973 3989 aa
3011 3934 3117 3989 den
3154 3935 3352 4003 Papst)

679 4025 941 4080 bemorkt:
987 4024 1038 4078 le
1074 4039 1201 4078 cose
1238 4023 1342 4077 che
1381 4023 1495 4078 loro
1533 4024 1824 4079 chiamano
1859 4024 2211 4095 particulari,
2261 4025 2364 4079 che
2415 4040 2549 4079 sono
2599 4024 2651 4078 le
2703 4023 2973 4078 domando
3019 4024 3161 4078 altre
3206 4023 3352 4077 volte

681 4114 838 4180 fatte,
875 4131 983 4167 non
1022 4129 1363 4167 causaranno
1399 4130 1569 4184 penso
1606 4114 1806 4168 6161166
1843 4115 2139 4185 disparere.
2216 4112 2331 4168 Des
2366 4114 2620 4168 weiteren
2654 4129 2695 4167 8.
2732 4131 2786 4166 u.
2823 4131 2895 4167 zu
2917 4092 3018 4167 ‘mn
3056 4117 3138 4166 31.

824 4199 866 4270 ¹)
906 4202 1026 4255 Fin’
1064 4219 1100 4256 a
1135 4202 1299 4272 quell'
1338 4203 1473 4256 hora
1511 4231 1576 4240 -
1614 4204 1679 4257 in
1716 4203 1900 4257 diesen
1941 4202 2167 4257 Worten
2190 4203 2300 4271 aab
2329 4201 2418 4257 die
2445 4201 2631 4256 Kurie
2656 4201 2758 4265 (an
2784 4201 3062 4272 Rerluiyi
3098 4220 3149 4255 a.
3181 4220 3231 4255 a.
3267 4199 3442 4267 0.)35

681 4293 789 4345 den
825 4293 1182 4361 anyemeinen
1218 4291 1514 4345 Eindruck
1550 4293 1648 4346 der
1684 4297 1864 4347 ersten
1898 4292 2302 4361 Mitteilunyen
2338 4291 2612 4346 Famem
2654 4291 2856 4345 wieder
2895 4319 2958 4329 -—
3007 4292 3059 4346 le
3096 4306 3222 4346 cose
3258 4306 3352 4359 pa·

681 4398 881 4436 revano
910 4382 1054 4435 assai
1087 4380 1224 4435 bene
1260 4381 1593 4436 ineaminate
1631 4389 1688 4436 et
1723 4382 1795 4436 da
1830 4397 2090 4452 sperarne
2129 4380 2260 4452 ogni
2298 4379 2462 4435 buon’
2501 4379 2685 4446 666116,
2722 4376 2838 4435 6661
2876 4379 3025 4435 circa
3060 4380 3098 4433 il
3127 4378 3353 4451 publico

683 4487 837 4525 661116
873 4487 1014 4525 6666
1052 4470 1202 4525 circa
1239 4471 1276 4523 il
1314 4471 1544 4541 privato.

826 4559 866 4628 ⁸)
904 4559 1017 4614 Mit
1054 4560 1175 4614 dem
1210 4560 1357 4630 plico
1386 4559 1679 4628 Fames,
1704 4560 1924 4614 welches
1951 4558 2050 4613 der
2077 4558 2424 4613 Postmeister
2450 4558 2670 4613 Mattio
2698 4557 2953 4612 Geras-do
2981 4556 3353 4624 abab-acme,

677 4649 813 4718 yiny
849 4666 906 4702 u.
944 4666 996 4703 a.
1035 4650 1185 4703 auch
1220 4649 1312 4703 ein
1345 4648 1639 4703 Schreiben
1677 4648 1768 4703 dee
1804 4647 2124 4703 Kardinals
2155 4664 2267 4704 von
2307 4647 2604 4717 1169611619
2642 4665 2720 4700 απ
2758 4646 2866 4700 den
2903 4645 3102 4714 Papst,
3139 4644 3262 4699 dem
3297 4644 3447 4699 er40

682 4738 771 4791 die
820 4737 1215 4806 Vercichevwzy
1248 4737 1376 4806 yab,
1415 4734 1537 4807 dost
1575 4754 1634 4793 er
1668 4737 1825 4792 nicht
1863 4736 2121 4805 66171616,
2157 4737 2273 4791 sich
2310 4736 2583 4792 Fames&
2620 4736 2860 4790 Mission
2910 4735 3202 4804 anyeleyen
3236 4734 3356 4788 sein

679 4844 750 4881 zu
786 4827 979 4881 1666611.
1053 4827 1286 4897 Eiyenh.
1330 4827 1479 4897 Oriy.
1529 4828 1593 4881 in
1630 4827 1841 4881 Parma
1888 4827 1921 4881 1.
1962 4828 1995 4881 1.
2047 4857 2113 4865 —
2165 4826 2381 4881 Mattio
2430 4826 2556 4880 kam
2605 4843 2694 4879 am
2741 4827 2831 4879 25.
2878 4824 3246 4893 nachmittaqs
3292 4823 3356 4876 in
