3859 5575
1418 427 1518 483 No,
1557 430 1654 484 68:
1693 428 1832 482 1545
1870 427 2101 482 011101161-
2138 429 2172 482 8
2207 429 2335 494 (10).
3099 422 3206 484 337

541 629 710 692 circa
764 625 1110 692 l'exhortar
1153 623 1285 689 Sua
1331 624 1575 689 Maesta
1622 647 1659 688 a
1704 623 1881 689 voler
1913 624 2313 689 considerare
2359 622 2416 689 16
2447 622 2733 710 pratiche
2777 631 2839 687 61
2881 622 3202 709 diligentie

542 734 657 799 che
704 733 1051 800 Lutherani
1113 732 1421 797 facevano
1479 755 1594 818 per
1649 732 2034 797 concordare
2094 732 2367 796 Francia
2426 738 2487 796 et
2547 728 2926 815 Inghilterra
2985 739 3048 795 et
3092 752 3205 816 per

543 850 961 926 conseguente
1008 838 1321 926 collegare
1367 838 1536 903 l'uno
1583 847 1646 903 et
1691 838 1892 904 l’altro
1940 862 2058 905 con
2107 839 2227 903 essi
2273 844 2496 903 contra
2528 837 2661 902 Sua
2693 837 2938 901 Maesta
2980 844 3044 901 et
3075 837 3206 902 Sua

546 949 823 1032 samita,
870 946 1228 1013 anchorche
1287 969 1413 1012 non
1474 945 1536 1010 lo
1583 947 1911 1029 dicessere,
1960 955 2023 1011 61
2067 945 2437 1032 provederci
2484 968 2603 1009 6011
2652 941 3079 1008 abbracciarsi
3125 942 3206 1007 lei

489 1063 522 1115 5
546 1079 664 1120 con
714 1055 1007 1138 Francia,
1056 1077 1232 1120 come
1279 1055 1409 1119 Sua
1441 1053 1689 1120 Santita
1734 1054 2072 1119 intendeva
2103 1053 2218 1118 che
2265 1052 2350 1117 da
2394 1051 2538 1140 quel
2583 1075 2653 1116 re
2700 1073 2764 1115 66
2810 1050 3202 1132 desiderava,

541 1172 602 1228 ct
648 1165 1015 1228 assicurarsi
1061 1162 1127 1226 di
1173 1184 1309 1228 esso
1344 1183 1463 1226 con
1511 1184 1640 1225 una
1684 1161 1855 1226 bona
1901 1183 2076 1248 pace,
2123 1161 2399 1224 maxime
2446 1158 2581 1241 che,
2631 1180 2810 1222 come
2856 1181 2896 1221 a
2930 1157 3053 1221 Dio
3095 1180 3207 1222 era

539 1272 878 1357 piacciuto,
925 1293 1051 1335 non
1097 1291 1494 1334 mancavano
1542 1269 1712 1332 modi
1761 1268 1845 1332 da
1891 1275 2151 1332 trattare
2211 1275 2276 1331 et
2320 1265 2700 1331 concludere
2761 1266 2910 1329 novi
2971 1264 3206 1329 vincoli

541 1387 641 1443 tra
695 1380 849 1460 essi,
895 1376 1329 1442 nominandoli
1390 1374 1961 1462 specificatamente
2020 1374 2316 1439 madama
2349 1371 2736 1459 Marghcrita
2780 1371 2878 1436 col
2924 1373 3208 1458 principe

543 1485 621 1549 de
669 1485 959 1570 Spagna3
1006 1498 1069 1548 et
1115 1482 1230 1548 che
1276 1482 1409 1548 Sua
1440 1483 1685 1547 Maesta
1729 1481 2158 1546 considerasse
2206 1489 2442 1568 quanto
2489 1481 2603 1565 piu
2650 1477 3007 1543 facilmente
3052 1476 3208 1542 l'im-

467 1607 526 1661 10
547 1615 729 1678 presa
774 1592 941 1656 saria
986 1613 1099 1677 per
1143 1588 1444 1655 riuscirle.
1538 1591 1696 1654 etin
1727 1598 1952 1677 questa
1997 1590 2303 1653 sustantia
2336 1589 2387 1651 si
2419 1587 2584 1651 disse
2629 1593 2865 1673 quanto
2912 1587 2965 1649 si
3000 1606 3207 1671 seppe.

724 1699 856 1763 Sua
901 1698 1146 1762 Maesta
1189 1697 1383 1762 molto
1433 1695 1916 1782 benignamente
1976 1719 2054 1760 ne
2113 1697 2351 1782 rispose
2412 1694 2526 1759 che
2585 1693 2866 1758 rendeva
2923 1694 3125 1778 gratie
3171 1715 3211 1756 a

548 1806 679 1870 Sua
724 1805 971 1869 Santita
1017 1805 1096 1870 de
1142 1807 1345 1893 questi
1394 1802 1545 1869 boni
1591 1805 1824 1869 ricordi
1871 1811 1935 1868 et
1980 1802 2025 1868 li
2071 1810 2466 1890 prometteva
2511 1799 2626 1867 che
2688 1801 2770 1865 da
2828 1799 2908 1865 lei
2969 1823 3096 1864 non
3159 1802 3210 1863 si

548 1910 1015 1976 mancherebbe
1061 1911 1141 1976 de
1188 1913 1338 1998 ogni
1384 1933 1532 1977 cosa
1578 1910 1872 1997 possibile
1930 1917 1994 1974 et
2050 1907 2453 1996 ragionevole
2510 1930 2625 1994 per
2684 1907 3211 1988 accomodarcesi,

548 2027 610 2083 et
656 2017 771 2083 che
817 2019 948 2084 Sua
994 2019 1241 2084 Santita
1285 2015 1800 2101 l'intenderebbe‚
1848 2017 2079 2105 perche
2125 2017 2209 2082 da
2252 2017 2528 2080 Francia
2571 2014 2615 2079 li
2661 2015 2967 2080 facevano
3014 2016 3210 2078 inten-

464 2142 530 2195 15
547 2125 697 2190 dere
743 2124 857 2190 che
902 2128 1009 2214 qui
1056 2124 1365 2191 verrebbe
1423 2123 1816 2210 l'almiraglio
1852 2128 1898 2208 ¹)
1945 2147 2058 2210 per
2117 2130 2409 2206 trattare,
2472 2122 2588 2187 che
2646 2122 2731 2187 da
2792 2123 2922 2187 Sua
2967 2121 3214 2186 Maesta

549 2257 674 2297 non
723 2231 1087 2298 restarebbe
1133 2232 1248 2298 che
1293 2256 1421 2298 non
1469 2234 1520 2297 si
1582 2234 1827 2297 venisse
1886 2231 1970 2295 ad
2017 2232 2166 2316 ogni
2225 2232 2455 2316 partito
2515 2232 2968 2312 conveniente3
3028 2227 3212 2315 repli-

549 2341 752 2405 cando
800 2341 924 2405 due
970 2365 1007 2406 0
1055 2352 1148 2406 tre
1194 2340 1363 2406 volte
1420 2339 1534 2405 che
1579 2338 1639 2403 10
1694 2336 1991 2403 farrebbe
2038 2337 2118 2402 ad
2167 2339 2313 2424 ogni
2361 2337 2581 2421 modo,
2647 2336 2878 2423 perche
2925 2339 3056 2402 cosi
3099 2338 3213 2400 im·

548 2457 821 2535 portava
878 2447 1281 2514 all’interesse
1343 2446 1502 2512 delle
1564 2469 1709 2511 cose
1769 2468 1878 2511 sue
1939 2444 2096 2510 oltre
2154 2445 2196 2508 il
2257 2446 2516 2531 rispetto
2576 2443 2744 2509 della
2802 2445 3107 2531 impresa,
3153 2442 3216 2508 la

551 2554 735 2642 quale
784 2554 904 2620 ben
954 2556 1239 2621 confesso
1308 2554 1423 2620 che
1469 2554 1897 2619 difficilmente
1952 2554 2001 2617 si
2049 2550 2355 2639 potrebbe
2401 2552 2725 2617 effettuare
2785 2551 3040 2639 quando
3086 2574 3214 2615 non

460 2678 531 2732 20
551 2664 602 2726 si
649 2663 967 2728 dormesse
1014 2685 1234 2728 securo
1281 2661 1347 2726 di
1394 2662 1695 2745 Francia,
1743 2661 1898 2726 oltre
1946 2660 2060 2725 che
2105 2682 2231 2725 non
2278 2682 2515 2746 sapeva
2560 2658 2675 2724 che
2737 2681 2991 2746 sperare
3050 2656 3216 2722 della

551 2778 775 2856 tregua
819 2768 921 2835 del
967 2770 1199 2853 'PurcO‚
1246 2766 1412 2834 della
1458 2766 1643 2857 quale
1675 2792 1910 2834 ancora
1955 2791 2081 2833 non
2129 2767 2374 2834 haveva
2422 2768 2597 2832 aviso
2643 2764 2888 2832 alcano,
2981 2773 3045 2831 et
3090 2787 3215 2830 non

552 2880 843 2942 ommisse
890 2877 956 2941 di
1003 2877 1234 2942 dolersi
1280 2876 1395 2941 che
1439 2875 1483 2940 11
1531 2900 1598 2941 re
1646 2900 1771 2940 non
1834 2877 1889 2940 ci
1939 2874 2202 2940 havesse
2248 2876 2398 2939 forsi
2444 2874 2599 2939 fatto
2649 2873 2860 2961 quella
2904 2872 3217 2959 diligenza

554 2984 669 3048 6116
701 3008 768 3048 66
798 3007 878 3050 116
910 3007 1175 3070 sperava
1209 2988 1275 3069 ²).
1351 2992 1415 3048 61
1460 2985 1589 3048 cosi
1637 3006 1750 3069 per
1795 2984 1940 3047 tutti
1986 2984 2188 3069 questi
2220 2983 2464 3067 rispetti
2512 2984 2561 3045 si
2611 2982 2814 3047 sforzb
2855 2981 2922 3046 di
2964 3003 3214 3067 persua·

554 3091 701 3156 dere
746 3091 863 3155 che
911 3115 1088 3156 come
1133 3114 1246 3177 per
1291 3090 1379 3156 lui
1426 3092 1650 3155 faceva
1694 3090 1755 3154 la
1803 3112 1992 3176 pace,
2056 3092 2186 3153 cosi
2246 3090 2303 3153 61
2363 3086 2815 3153 attenderebbe
2874 3086 3217 3154 volentieri.

466 3199 593 3268 256
640 3196 764 3263 11611
813 3221 962 3263 vero
1012 3198 1126 3264 6116
1173 3199 1346 3285 (11Ροὶ
1401 3220 1525 3263 11011
1573 3196 1766 3262 lascio
1814 3197 1876 3261 di
1924 3196 2062 3261 dire
2108 3196 2204 3261 ch’
2265 3194 2307 3259 il
2337 3202 2391 3281 ²)
2439 3218 2506 3260 re
2567 3218 2725 3281 poco
2784 3197 2992 3281 prima
3053 3194 3220 3259 della

697 3399 740 3444 a)
779 3396 857 3437 l'on
885 3397 974 3436 hier
1001 3408 1057 3435 cm
1091 3396 1251 3447 Chnjffer.

702 3487 739 3553 ¹)
779 3486 853 3539 D.
892 3486 928 3539 i.
969 3486 1285 3540 Annebaut.
1364 3486 1478 3555 Vyl.
1517 3484 1811 3553 Navayero
1849 3488 1884 3537 9
1924 3482 2185 3538 Oktober:
2225 3483 2280 3536 di
2320 3481 2636 3551 monsignor
2672 3480 2728 3534 di
2769 3480 2938 3535 Prato
2975 3478 3005 3535 ὲ
3044 3481 3222 3535 uscito

686 3576 790 3630 che
826 3576 883 3629 in
920 3574 1113 3630 Guant
1139 3575 1397 3629 venirano
1433 3591 1468 3628 a
1496 3573 1695 3629 Cesare
1732 3590 1829 3643 per
1866 3589 2025 3627 nome
2060 3571 2146 3625 (161
2191 3589 2249 3625 re
2286 3570 2543 3627 christum
2573 3570 2611 3623 il
2641 3570 2887 3625 cardinal
2913 3570 2971 3624 di
2999 3570 3221 3624 Tornon

558 3673 614 3719 et
652 3665 965 3735 monsignor
1001 3664 1290 3718 d’AnibaO.

468 3758 538 3812 30
702 3753 741 3820 ²)
780 3754 890 3809 Die
933 3753 1335 3809 Unterhiindler
1384 3753 1476 3807 des
1514 3751 1741 3806 Kaisers
1776 3751 1896 3805 und
1942 3750 2015 3803 K.
2055 3751 2261 3804 Franz'
2312 3751 2504 3804 hatten
2551 3766 2643 3803 am
2691 3753 2771 3804 20
2807 3748 3031 3819 August
3067 3747 3223 3803 Kon-

556 3845 904 3914 stantinopel
952 3845 1212 3911 eweicht,
1263 3844 1407 3899 doch
1453 3859 1571 3896 war
1618 3842 1881 3895 zumichst
1929 3857 2044 3895 nur
2098 3840 2194 3894 cler
2242 3840 2522 3894 Franzose
2571 3855 2693 3893 vom
2745 3836 3072 3906 Grossherrn
3120 3854 3224 3893 em-

548 3936 805 4006 psanyen
841 3936 1078 3990 worden.
1158 3934 1275 3988 Von
1309 3932 1710 3998 franzosischer
1754 3930 1899 3985 Seite
1951 3931 2243 3984 verlautete
2290 3929 2422 3983 bald
2470 3928 2713 3997 darauf,
2765 3924 2885 3997 dass
2935 3929 3069 3982 alles
3104 3944 3224 3982 vor-

558 4026 798 4091 trefflich
832 4027 990 4093 siche,
1029 4023 1295 4079 wahrend
1333 4023 1422 4077 die
1458 4021 1716 4076 Berichte
1753 4020 1844 4075 des
1879 4020 2320 4074 venetiani-§chen
2360 4018 2680 4073 Gesandten
2718 4017 2865 4072 diese
2901 4016 3224 4071 Zuversicht

559 4116 876 4184 keinesweys
914 4114 1116 4167 teilcen.
1192 4111 1350 4166 Noeh
1394 4112 1487 4165 ein
1522 4110 1817 4165 Schreiben
1863 4126 1981 4164 vom
2028 4112 2106 4163 29
2143 4109 2449 4178 September
2497 4107 2721 4161 meldete
2766 4108 2910 4161 nach
2970 4106 3226 4174 Venediy,

469 4205 539 4259 35
560 4202 679 4273 dass
716 4204 808 4257 die
847 4202 1308 4271 [Inter-hancllwnq
1348 4202 1483 4255 ohne
1520 4198 1687 4264 Eiser
1715 4199 1986 4253 betrieben
2013 4197 2204 4259 werde,
2242 4197 2361 4251 und
2389 4193 2505 4266 liess
2534 4196 2935 4262 durchblicken,
2975 4190 3095 4263 <last
3127 4194 3228 4248 der

564 4294 739 4347 Tic'rke
776 4295 841 4347 in
876 4293 978 4347 das
1016 4293 1282 4346 Interesse
1319 4290 1690 4344 Frankreiehs
1740 4287 2029 4341 verstrickt
2076 4288 2167 4341 sei.
2254 4285 2370 4355 Vql.
2422 4286 2510 4339 die
2547 4287 2804 4340 Ber-ieme
2840 4284 2936 4339 des
2971 4283 3228 4339 Nuntius

561 4384 705 4438 Casa
745 4399 849 4437 aus
897 4382 1133 4451 Venediy
1169 4398 1289 4435 vom
1325 4384 1388 4446 1.‚
1426 4384 1501 4432 11.
1540 4397 1594 4433 u.
1636 4382 1700 4431 15
1741 4378 1974 4432 Oktober
2021 4376 2328 4442 (Ronchini
2359 4393 2417 4443 p.
2457 4379 2585 4429 122.
2626 4375 2878 4443 124sqq.)
2916 4373 3038 4427 und
3073 4373 3226 4426 Har·

559 4474 666 4527 vela
712 4472 1021 4527 eben-daher
1068 4488 1187 4526 vom
1232 4473 1306 4524 29
1358 4468 1588 4524 Oktober
1637 4468 2023 4536 (Statepapers
2070 4483 2156 4520 nr.
2202 4467 2381 4532 1238).
2462 4466 2591 4520 Vom
2639 4463 2972 4528 Kaiserhofe
3018 4462 3228 4516 sehrieb

560 4562 853 4629 Navayero
899 4578 991 4614 am
1038 4564 1163 4613 10..·
1214 4559 1259 4613 si
1310 4556 1421 4629 pub
1471 4557 1930 4628 comprehendere
1980 4556 2083 4611 che
2128 4555 2168 4609 li
2216 4554 2480 4610 Francesi
2531 4553 2699 4607 fanno
2747 4570 2886 4624 gran
2923 4552 3136 4621 disegni
3173 4557 3230 4605 61

473 4651 543 4706 40
562 4668 726 4721 sopra
774 4650 812 4703 il
864 4650 1049 4704 Turco
1096 4655 1152 4703 61
1202 4648 1347 4702 nella
1395 4645 1703 4701 diffidentia
1753 4647 1855 4701 6116
1906 4646 1981 4699 ha
2031 4646 2084 4699 la
2119 4644 2419 4699 Germania
2467 4644 2523 4696 di
2561 4643 2775 4699 Cesare.
2837 4670 2899 4679 -
2970 4642 3084 4710 Vyl.
3137 4640 3230 4694 die

563 4740 845 4809 Rapporte
885 4739 976 4793 des
1014 4739 1335 4793 Franzosen
1372 4738 1606 4798 Monluc
1655 4737 1719 4789 in
1755 4736 2149 4805 Neglociations
2199 4734 2265 4790 de
2312 4735 2368 4788 la
2419 4733 2640 4788 France
2692 4749 2758 4786 en
2793 4732 3011 4785 Levant
3057 4730 3160 4783 rol.
3196 4728 3238 4782 I

559 4848 617 4898 12.
657 4832 919 4883 596-620.
996 4830 1050 4882 S.
1092 4829 1237 4881 auch
1274 4834 1447 4881 unten
1482 4845 1551 4881 za
1591 4843 1673 4879 nr.
1716 4830 1796 4879 73.

671 4932 1270 4979 Nuntiaturberichw,
1302 4936 1416 4973 erato
1446 4931 1699 4983 Abtenung,
1732 4932 1809 4972 sd.
1832 4930 1948 4977 vlu.
2632 4914 2699 4964 :22

3265 627 3403 677 1545

3247 693 3364 749 Olet.
3395 698 3433 748 8

3277 769 3389 834 (10)
