3859 5575
658 461 760 522 152
1642 463 1741 518 No.
1779 464 1879 518 26:
1921 435 2057 519 1545
2095 464 2202 518 Mai
2242 466 2325 520 13.

433 664 572 715 1545
652 660 806 725 citta
850 659 934 723 118
978 659 1230 723 visitato
1262 658 1371 724 Su'
1405 658 1685 742 Altezza,
1731 660 2078 746 interposto
2122 683 2250 724 una
2295 667 2467 724 certa
2511 659 2932 746 appellatione
2963 668 3183 726 contra
3214 660 3313 725 all'

397 733 529 788 Mai
548 735 616 786 13
650 767 845 853 impio
890 766 1315 848 arcivescovo‚
1362 765 1789 831 demandatoli
1835 766 2052 849 iudici,
2111 767 2407 831 citatione
2451 776 2515 832 et
2563 766 2933 832 l'inibitione
2978 775 3041 831 et
3081 767 3314 854 suppli-

652 884 794 939 cato
841 895 953 960 per
998 871 1062 937 la
1106 874 1496 959 protettione.
1574 872 1705 938 Sua
1750 873 1996 958 Maesta
2039 872 2127 959 gli
2174 873 2258 937 ha
2303 874 2459 939 fatto
2506 874 2742 956 favore,
2788 875 3123 939 exortatoli
3170 898 3209 938 a
3254 875 3316 939 la

652 982 1130 1047 conservatione
1176 980 1255 1045 de
1300 977 1362 1044 la
1406 979 1547 1044 fede
1592 979 1919 1064 catholica,
1966 989 2029 1045 et
2072 989 2309 1068 quanto
2356 1004 2396 1045 a
2435 980 2497 1045 18
2526 984 2901 1067 protettione
2933 981 3020 1068 gli
3053 982 3135 1046 ha
3165 983 3314 1047 dato

649 1112 779 1153 una
823 1087 1268 1173 salvaguardia
1311 1086 1504 1152 molto
1550 1086 1764 1173 ampla
1808 1094 1871 1152 et
1914 1087 2215 1153 mandato
2263 1088 2389 1154 due
2435 1090 2570 1153 suoi
2626 1088 2910 1152 huomini
2969 1112 3008 1152 a
3067 1088 3315 1175 parlare
3371 1108 3404 1161 5

650 1195 711 1260 al
756 1196 1179 1260 arciveecovo.
1271 1193 1373 1258 nel
1418 1201 1583 1259 resto
1630 1194 1761 1259 Sua
1806 1195 2054 1259 Maesta
2099 1195 2247 1260 vuol
2295 1197 2430 1260 fare
2475 1203 2638 1260 tutto
2684 1194 2829 1283 quel
2874 1195 2990 1260 che
3046 1196 3087 1259 il
3146 1196 3313 1260 clero

649 1303 734 1367 118
778 1301 1192 1384 domandat03
1242 1300 1620 1365 nondimeno
1668 1300 1750 1365 ha
1794 1302 2055 1366 rimeeso
2101 1301 2165 1366 la
2208 1304 2581 1368 executione
2627 1325 2667 1367 a
2698 1302 2980 1368 Vormes„

829 1409 962 1473 Tra
992 1407 1201 1472 alcuni
1235 1406 1475 1493 volgari
1508 1409 1558 1473 si
1583 1409 1723 1475 dice
1746 1408 1862 1473 che
1886 1409 2192 1473 Luterani
2219 1432 2338 1475 con
2364 1418 2530 1476 certe
2555 1411 2904 1475 conditioni
2931 1410 3314 1476 accettareb·

650 1516 817 1581 bono
861 1515 904 1580 il
955 1515 1221 1579 concilio
1253 1516 1319 1578 in
1352 1515 1626 1599 W'orm8‚
1674 1516 1738 1580 in
1772 1515 2034 1581 Colonia
2080 1540 2117 1582 0
2163 1519 2227 1582 in
2261 1518 2428 1583 Metz
2459 1521 2544 1604 ι);
2592 1518 2972 1583 nondimeno
3015 1517 3095 1582 ho
3126 1520 3313 1583 ricer-

653 1631 795 1688 eato
840 1631 903 1688 et
947 1646 1075 1687 non
1120 1631 1302 1686 trovo
1349 1645 1495 1687 cosa
1541 1623 1607 1688 di
1652 1624 2079 1707 fondament0‚
2127 1626 2270 1689 anzi
2317 1632 2500 1690 trovo
2545 1625 2855 1690 alterezza
2916 1634 2981 1691 et
3038 1624 3308 1690 obstina-
3336 1640 3404 1691 10

649 1733 819 1797 tione
864 1732 976 1817 piu
1022 1729 1138 1795 che
1160 1729 1245 1817 'la
1290 1730 1458 1795 fusse
1504 1731 1647 1796 mai.
1740 1730 1872 1796 Die
1916 1732 2276 1815 Ansayuny
2321 1734 2430 1797 des
2476 1733 2744 1798 Konzils
2800 1735 2885 1797 ist
2942 1734 3047 1797 ein
3096 1734 3319 1815 yrcfies

655 1839 860 1903 Glizok
876 1889 891 1915 ,
960 1837 1104 1902 weil
1167 1841 1335 1901 sonst
1401 1859 1520 1901 von
1579 1839 1810 1902 diesem
1869 1838 2211 1921 Reichstay
2270 1840 2627 1904 Vornahme
2684 1840 2797 1904 der
2855 1841 3116 1921 Reform
3173 1840 3319 1903 oder

651 1944 1087 2011 Schlimmeres
1133 1944 1445 2028 ausyehen
1488 1945 1719 2010 warde.
1809 1945 1996 2010 Wohl
2038 1946 2211 2029 klaqt
2254 1968 2406 2011 man
2444 1947 2581 2011 hier
2610 1948 2727 2011 clas
2757 1946 3000 2013 Konzil
3029 1968 3135 2025 an,
3182 1933 3319 2027 dass

652 2072 715 2117 es
761 2052 863 2116 die
904 2052 1257 2117 Vornahme
1301 2053 1414 2116 der
1446 2052 1856 2132 Tit'rkenhilfe
1899 2053 2040 2117 und
2084 2054 2206 2117 den
2243 2054 2525 2119 Frieden
2559 2054 3022 2119 Deutschlands
3065 2092 3152 2101 —
3200 2055 3320 2118 das

649 2159 786 2224 will
827 2180 1055 2241 sayen:
1102 2160 1203 2222 (lie
1248 2159 1629 2242 Zcrstoruny
1674 2161 1787 2224 der
1826 2160 2164 2242 Reliyion!
2211 2197 2294 2207 —
2341 2162 2634 2241 hindere,·
2679 2163 2751 2225 ein
2797 2162 3124 2226 Wahrheit
3170 2163 3318 2226 aber
3342 2174 3405 2227 15

650 2269 738 2331 ist
780 2268 885 2331 ein
928 2265 1472 2332 Universalktmzil
1501 2269 1607 2331 nie
1636 2269 2057 2349 notwendiyer
2099 2289 2367 2351 yewesen
2412 2269 2511 2332 als
2546 2269 2717 2350 ῥεια,
2764 2275 2957 2332 anter
3002 2270 3113 2332 der
3161 2269 3316 2334 Vor-

650 2536 854 2590 dracke
900 2535 1021 2589 hier
1070 2534 1332 2588 beriehtet
1381 2534 1478 2588 der
1534 2534 1774 2601 Bischof
1812 2552 1920 2589 von
1962 2536 2204 2591 Cortona
2260 2553 2349 2589 am
2398 2539 2483 2589 8..-
2531 2536 2741 2601 Questa
2777 2543 2942 2603 terra,
2993 2552 3100 2589 non
3152 2536 3318 2588 sendo

651 2641 906 2680 aoecorsa
940 2631 997 2679 et
1045 2623 1222 2678 difesa
1270 2624 1417 2678 dalla
1465 2621 1707 2678 auton-ita
1743 2632 1799 2679 et
1836 2643 1997 2680 mano
2048 2625 2360 2695 imperiale,
2410 2622 2674 2679 caschera
2721 2631 2906 2694 presto
2958 2625 3044 2678 nel
3096 2623 3316 2678 baratro

651 2714 916 2769 infernale
962 2713 1294 2767 diventando
1341 2713 1429 2767 del
1471 2720 1620 2768 tutto
1657 2714 1936 2768 luterana:
1976 2714 2363 2785 seguirannola
2389 2714 2564 2768 dietro
2596 2712 2842 2773 Lovania
2879 2719 2937 2767 et
2963 2713 3319 2784 Aquisgrana

651 2823 755 2861 con
791 2805 920 2858 altri
955 2803 1146 2873 luoghi
1184 2803 1684 2873 importantissimi,
1734 2805 1967 2858 ch'altro
2004 2822 2110 2859 non
2144 2811 2463 2875 aspettano,
2510 2820 2664 2858 come
2712 2805 3004 2872 sottoposti
3050 2821 3085 2857 a
3122 2812 3319 2874 questa
3336 2805 3408 2858 20

652 2893 1006 2964 methropoli‚
1044 2893 1148 2947 che
1184 2893 1241 2945 di
1278 2893 1556 2963 seguitare
1594 2893 1645 2947 le
1682 2894 1910 2965 vestig-ie
1950 2911 2061 2948 sue.
2136 2895 2318 2947 hanno
2355 2892 2667 2963 supplicato
2705 2893 2873 2963 quelli
2913 2895 3008 2948 tali
3049 2912 3084 2948 8
3120 2895 3318 2949 Cesare

652 2984 755 3039 che
804 2983 987 3053 voglia
1021 2981 1304 3052 providere
1354 2999 1452 3051 per
1501 2982 1669 3052 quelli
1718 2984 1887 3036 mezzi
1936 3000 2206 3054 pai-ranno
2257 2980 2354 3053 piu
2401 2981 2704 3052 espedienti
2754 2988 2809 3036 et
2855 2999 2953 3053 per
3004 2984 3225 3038 servitio
3263 2985 3316 3037 di

652 3072 779 3138 Dic,
815 3071 960 3125 della
995 3070 1257 3141 religione
1294 3071 1557 3124 cristiana
1591 3077 1648 3125 et
1684 3071 1739 3124 di
1778 3070 1890 3126 Sua
1942 3069 2186 3139 Maesta,
2237 3072 2291 3124 la
2339 3072 2503 3142 quale
2553 3088 2710 3126 come
2757 3072 3008 3142 principe
3047 3074 3320 3127 catholico

651 3161 901 3215 havendo
960 3175 1239 3229 promesso
1294 3160 1422 3229 ogni
1481 3177 1584 3213 888
1631 3161 1964 3230 protettione
2026 3162 2071 3214 si
2132 3159 2312 3214 debbe
2375 3177 2595 3231 sperare
2655 3159 2810 3214 bene.
2896 3163 3223 3216 nondimeno
3284 3180 3320 3215 a

653 3250 821 3322 quelli
859 3250 963 3305 che
1001 3248 1295 3304 intendano
1332 3250 1408 3319 gli
1450 3250 1663 3304 humori
1701 3250 1754 3303 di
1794 3251 1976 3321 questi
2015 3251 2220 3321 signori
2260 3250 2347 3303 del
2375 3267 2557 3320 paese,
2586 3267 2718 3320 pare
2746 3248 2975 3304 difficile
3003 3251 3106 3305 che
3135 3252 3319 3322 quella
3340 3251 3408 3306 25

654 3336 871 3394 Maesta
916 3339 965 3393 ci
1020 3355 1184 3409 possa
1220 3339 1517 3408 provedere
1554 3339 1609 3392 di
1648 3340 1890 3406 rimedio‚
1928 3357 2027 3410 per
2063 3341 2259 3394 essen-si
2298 3346 2494 3411 questo
2542 3340 2890 3393 arciveacovo
2942 3340 3072 3394 dato
3125 3342 3320 3394 intera-

654 3435 836 3483 mente
864 3428 915 3482 al
953 3429 1168 3482 diavolo
1206 3435 1263 3482 et
1298 3445 1397 3498 per
1435 3428 1632 3482 havere
1669 3430 1909 3499 appoggi
1949 3429 2335 3499 potentissimi,
2371 3426 2418 3481 si
2456 3445 2554 3498 per
2592 3427 2646 3481 la
2684 3428 2992 3494 grandezza
3019 3429 3165 3483 della
3193 3448 3323 3483 casa

654 3534 757 3571 888
792 3524 848 3571 et
884 3517 970 3570 del
1009 3517 1180 3587 grado
1218 3517 1530 3586 d'elettore‚
1578 3535 1731 3572 come
1769 3535 1867 3588 per
1912 3535 2064 3571 esser
2108 3519 2410 3588 congiunto
2458 3517 2513 3570 di
2564 3516 2865 3586 parentado
2915 3525 2972 3572 et
3019 3519 3073 3571 di
3126 3526 3323 3572 stretta

655 3605 902 3660 amicitia
930 3606 1017 3659 col
1045 3605 1190 3659 duca
1216 3606 1270 3658 di
1303 3605 1560 3659 Sassonia
1588 3614 1645 3660 et
1682 3624 1784 3660 con
1824 3607 2151 3677 lantgravi0‚
2190 3606 2393 3676 signori
2433 3606 2723 3676 principali
2776 3613 2832 3659 et
2870 3607 2992 3676 capi
3030 3607 3084 3660 di
3124 3618 3323 3678 questa

654 3694 839 3764 ampla
874 3701 931 3748 et
982 3694 1271 3748 scellerata
1309 3701 1455 3748 setta
1492 3696 1772 3760 luteram,
1823 3702 1880 3749 et
1928 3711 2027 3764 per
2079 3696 2277 3748 havere
2316 3702 2556 3748 corrotto
2606 3700 2663 3747 et
2699 3694 2950 3749 allettato
2990 3696 3141 3749 molti
3180 3696 3323 3749 della
3342 3698 3412 3750 30

656 3792 804 3838 terra
832 3783 979 3837 nella
1005 3801 1106 3836 sua
1135 3783 1424 3838 sententia.
1462 3780 1647 3837 talche
1686 3800 1784 3853 per
1820 3783 1869 3836 el
1910 3784 2017 3837 mio
2055 3800 2194 3853 poco
2231 3800 2421 3853 parere
2460 3800 2518 3837 se
2556 3799 2624 3836 ne
2661 3780 2772 3852 pub
2811 3783 2926 3836 fare
2966 3785 3071 3837 mal
3104 3784 3320 3838 iudicio

654 3880 711 3927 et
748 3869 779 3925 ὲ
817 3889 947 3926 caso
995 3873 1172 3942 degne
1222 3872 1278 3924 di
1329 3890 1466 3942 gran
1517 3872 1895 3942 compassione
1944 3873 2145 3926 ch'una
2194 3869 2310 3926 cosi
2363 3870 2544 3925 nobile
2594 3879 2651 3926 et
2701 3871 2910 3926 famosa
2958 3869 3128 3935 einh,
3179 3873 3324 3926 nella

655 3962 819 4032 quale
866 3961 1164 4015 affermano
1210 3977 1390 4015 essere
1438 3962 1739 4032 cinquanta
1787 3961 1918 4015 mila
1969 3978 2095 4015 ease
2143 3968 2200 4015 et
2236 3961 2435 4031 popolo
2473 3978 2636 4015 senza
2671 3978 2927 4023 numero,
2964 3963 3011 4014 si
3048 3963 3227 4015 truovi
3269 3962 3321 4015 in

655 4047 770 4104 cosi
819 4049 944 4104 fatti
993 4051 1240 4104 termini!
1293 4080 1357 4089 -
1410 4051 1792 4104 Andererseits
1840 4049 2061 4116 erfffllte
2109 4052 2226 4104 sich
2273 4050 2497 4115 sreilich
2531 4068 2574 4104 ε.
2614 4052 2681 4104 B.
2722 4052 2983 4105 Cani-§tius
3020 4051 3197 4104 durch
3235 4052 3324 4104 die

658 4139 1035 4193 Anwesenheit
1072 4139 1164 4193 des
1202 4140 1433 4194 Kaisers
1469 4141 1571 4193 mit
1607 4140 1717 4193 den
1756 4139 1937 4194 best-m
1978 4138 2370 4208 Hoffnunyen:
2422 4140 2602 4209 Epist.
2643 4140 2734 4193 ad.
2772 4140 3056 4194 Nauseam
3099 4158 3159 4208 p.
3197 4144 3319 4193 367.
3341 4141 3411 4195 35

656 4228 813 4282 Doch
851 4225 964 4296 liest
999 4230 1118 4283 sich
1154 4228 1491 4295 Erebischof
1514 4229 1807 4283 Hermann
1841 4230 1996 4282 nicht
2045 4229 2160 4282 irre
2206 4229 2462 4282 macheu.-
2506 4229 2712 4294 dieser,
2764 4229 3000 4282 schreibt
3050 4229 3323 4298 Capilupo

655 4335 747 4372 am
781 4321 853 4371 24
890 4318 1046 4385 Mai,
1095 4319 1240 4388 dopo
1269 4319 1323 4373 18
1358 4319 1565 4389 partita
1600 4319 1688 4373 del
1726 4319 2053 4389 imperatore
2091 4317 2200 4385 [1181
2249 4318 2429 4372 levato
2472 4317 2545 4378 da
2589 4323 2739 4371 tutta
2775 4316 2830 4370 la
2865 4318 3247 4387 giurisditione
3285 4319 3324 4372 il

656 4415 998 4463 sacramento
1034 4415 1090 4462 et
1126 4407 1269 4463 fatto
1304 4410 1496 4463 ardere
1533 4414 1679 4462 tutte
1718 4408 1768 4461 18
1804 4405 1983 4478 figure
2010 4425 2044 4461 o
2070 4407 2266 4478 quadri
2305 4408 2373 4461 de
2411 4408 2553 4461 santi
2592 4414 2650 4460 et
2685 4413 2973 4460 cassatone
3002 4407 3183 4477 quelle
3222 4408 3324 4461 (3118

656 4513 822 4551 erano
858 4515 925 4551 su
961 4514 1059 4568 per
1096 4498 1147 4551 le
1194 4515 1377 4566 mure3
1424 4499 1545 4553 und
1595 4498 1738 4552 auch
1789 4495 2032 4552 Cortona
2079 4498 2294 4565 spricht
2343 4514 2435 4550 am
2482 4500 2573 4551 25.
2610 4513 2718 4549 von
2754 4497 2929 4550 einem
2967 4496 3142 4550 Edikt
3181 4497 3323 4550 Her-

655 4604 873 4653 manns,
909 4588 1130 4642 welches
1165 4587 1363 4655 befahl,
1402 4589 1491 4641 die
1530 4587 1728 4641 Bizder
1765 4605 1869 4641 aus
1906 4587 2015 4640 den
2050 4587 2300 4640 Kirehen
2334 4603 2404 4640 zu
2440 4585 2728 4652 entfernen
2764 4586 2886 4639 und
2924 4587 3219 4640 lutherisch
3255 4589 3415 4642 zu40

651 4676 937 4745 prediym.

802 4766 842 4832 ¹)
881 4766 1030 4819 Meta
1082 4784 1223 4834 war,
1272 4765 1372 4820 wie
1417 4767 1520 4820 wir
1562 4768 1697 4820 oben
1744 4765 1796 4818 S.
1840 4769 1946 4819 132
1991 4766 2189 4830 sahen,
2239 4782 2347 4820 von
2384 4765 2732 4820 Fraulcreich
2781 4767 2864 4818 als
2911 4764 3170 4820 lValstatt
3207 4783 3325 4821 vor-

654 4855 987 4924 aeschlaqen.
