3859 5575
1198 409 1296 464 No.
1334 410 1638 464 20*—21*:
1686 410 1816 463 1545
1852 409 1962 462 Juli
2001 410 2145 467 25—
2169 408 2474 479 September
2510 410 2560 462 9.
3107 406 3214 466 615

546 604 604 669 le
636 627 786 669 sono
834 605 1395 670 affettionatissimo
1443 607 1761 670 servitore.
1838 612 1902 670 et
1947 629 2064 670 con
2122 607 2447 670 riverenza
2491 603 2548 669 le
2595 604 2778 669 bacio
2823 603 2887 668 la
2932 627 3119 669 mano
3151 612 3214 669 et

547 710 712 775 nella
758 735 871 776 sua
919 710 1129 775 buona
1175 715 1392 797 gracia
1438 712 1847 777 humilmente
1892 716 1979 777 mi
2028 712 2529 777 raccommandO.

725 817 781 882 Il
830 828 910 884 25
960 818 1153 904 luglio
1209 829 1375 886 1545
1426 820 1663 883 'l'rento
1698 819 1764 907 ¹).

548 1050 696 1117 21²⁸.
773 1052 1045 1115 Jocloms
1093 1050 1439 1131 Hoetfilter‚
1473 1051 1707 1131 Propst
1753 1071 1871 1114 von
1902 1052 2166 1129 Labecia,
2213 1074 2302 1116 cm
2333 1051 2651 1117 Fame-se:
2697 1052 3058 1132 Bereisun9
3104 1050 3213 1114 der

492 1174 526 1225 5
549 1158 813 1222 Dio'zese
837 1157 1012 1222 Ko'ln
1043 1158 1240 1221 durch
1273 1158 1392 1221 den
1417 1158 1805 1238 Erebi-schof'.
1863 1158 2671 1239 Sbldneransammlunyen.
2737 1157 3211 1239 Bemiihunyen,

545 1266 647 1328 die
682 1264 904 1328 Partei
952 1266 1060 1328 der
1095 1265 1478 1329 Gcistlichen
1523 1266 1595 1328 in
1632 1266 1977 1330 Miskredz't
2020 1287 2102 1331 zu
2146 1267 2420 1348 brinqcm.
2515 1265 2640 1330 Dete
2680 1264 3039 1347 yeistllchen
3070 1264 3210 1329 An-

546 1373 782 1453 hiinyer
826 1372 1229 1450 Hoffmann&
1289 1371 1579 1454 Stolbcry.
1673 1372 1816 1436 Das
1870 1372 2171 1437 hessi-§che
2224 1373 2427 1438 Geleit
2486 1372 2598 1452 fiir
2651 1373 2753 1436 die
2804 1371 3053 1437 Ko'lner
3096 1392 3213 1436 zur

546 1479 983 1559 Frankfurter
1029 1479 1251 1541 Messa.
1345 1478 1694 1561 Landgraf
1733 1479 1999 1560 Philipp
2058 1480 2196 1544 und
2242 1479 2558 1544 Heinrich
2612 1480 2721 1543 der
2766 1480 3048 1561 Jitnqere
3093 1498 3213 1542 von

551 1585 886 1649 Braunsch
895 1586 1061 1667 weiq.
1158 1586 1406 1650 Nutzen
1422 1636 1438 1662 ,
1500 1587 1620 1650 den
1678 1592 1942 1650 erstem
2008 1607 2127 1651 von
2186 1587 2302 1650 den
2359 1608 2466 1651 am
2524 1586 2736 1651 Rham
2804 1586 3213 1667 befindlichen

461 1708 527 1760 lo
550 1692 1050 1772 Sbldrwrhaufbn
1095 1693 1220 1755 leat.
1319 1693 1373 1757 G
1382 1693 1774 1757 ezcalttkaten
1821 1694 2091 1758 anderrn·
2125 1692 2631 1774 Sbldnerhaufen
2676 1695 2767 1757 im
2817 1693 3037 1758 Laude
3068 1692 3210 1757 Ha-

546 1798 706 1862 deln.
799 1801 963 1862 1545
1012 1799 1364 1879 September
1410 1802 1448 1860 9
1497 1799 1779 1864 Briissel.

690 1924 854 1978 Carte
893 1923 1224 1977 Fal-nesiane
1263 1924 1397 1978 fasc.
1438 1926 1541 1978 723
1580 1926 1786 1993 eiyenh.
1829 1926 1981 1994 Oriy.
2024 1956 2086 1964 —
2141 1926 2418 1979 Erwcihnt
2453 1927 2588 1979 oben
2624 1925 2677 1979 S.
2716 1929 2847 1993 288,
2885 1929 2946 1990 1,·
2980 1927 3108 1991 294,
3145 1927 3213 1989 5,·

761 2017 882 2079 301,
922 2018 970 2065 1.

725 2120 825 2183 De
872 2119 1259 2184 Coloniensis
1305 2119 1761 2207 archiepiscopi
1821 2122 2192 2185 circuitione
2251 2143 2363 2207 per
2423 2127 2619 2186 totam
2684 2143 2863 2184 suam
2911 2119 3211 2184 diocesim

458 2242 525 2295 15
547 2227 765 2313 (quam
815 2226 1024 2292 adhuc
1072 2226 1425 2313 continuat)
1471 2236 1658 2292 antea
1705 2229 2008 2314 scriptum
2055 2236 2166 2292 est.

724 2332 992 2397 Militum
1041 2333 1444 2399 collectorum
1492 2342 1694 2399 metus
1749 2358 1825 2399 ac
1870 2335 2192 2421 popularis
2234 2336 2656 2399 inconstantia
2686 2333 3210 2420 precipitatioque

544 2442 608 2504 in
655 2439 866 2503 multis
912 2442 1282 2526 profuerunt
1328 2441 1829 2527 archiepiscop03
1891 2450 1953 2506 et
2013 2440 2357 2527 apostolica
2403 2448 2467 2506 et
2511 2440 2862 2528 imperialia
2906 2439 3211 2504 mandata

545 2546 755 2632 plures
801 2549 1192 2613 retinuerunt
1238 2550 1302 2612 in
1347 2549 1588 2630 officio,
1652 2548 1882 2635 quibus
1942 2548 2023 2613 ob
2081 2549 2142 2612 id
2191 2547 2273 2612 ab
2328 2546 2972 2635 archiepiscopalibus
3018 2546 3207 2611 adhe·

546 2653 952 2740 rentibusque
1001 2658 1277 2719 minatur
1325 2655 1527 2719 valde.

458 2778 526 2831 20
727 2761 810 2826 Et
857 2763 1096 2825 circum
1131 2760 1470 2826 Coloniam
1521 2764 1743 2827 iterato
1794 2762 1910 2826 visi
1959 2763 2213 2827 fuerunt
2257 2764 2427 2826 circa
2472 2772 2602 2829 400
2650 2762 2904 2849 equites,
2998 2767 3212 2825 manet

548 2867 629 2930 ob
678 2867 740 2931 id
789 2870 852 2932 in
900 2868 1162 2933 Colonia
1207 2892 1442 2954 pavor,
1491 2892 1573 2933 ex
1620 2893 1743 2956 quo
1791 2879 2126 2934 moventur
2172 2893 2285 2956 per
2331 2870 2656 2935 seditiosos
2703 2866 3054 2933 calumniae
3100 2868 3208 2931 ad-

550 2996 767 3038 versus
813 2973 1083 3056 clerum,
1148 2977 1330 3061 cujus
1376 2999 1568 3040 causa
1615 2977 1728 3041 hec
1759 2978 2085 3062 patiantur
2130 2978 2360 3062 inique.
2437 2975 2708 3040 illustres
2755 2975 3043 3054 canonici
3082 2998 3211 3039 una

547 3103 690 3144 cum
759 3081 996 3145 decano
1072 3081 1432 3146 deficientes
1501 3106 1540 3147 a
1609 3106 1720 3147 suo
1791 3083 2068 3169 capitulo
2137 3085 2377 3148 intrant
2449 3091 2810 3168 exeuntque
2880 3080 3209 3147 Coloniam

546 3211 778 3272 magna
823 3190 1121 3252 comitiva
1169 3191 1356 3254 etiam
1404 3192 1668 3273 armati,
1715 3192 1979 3276 agitant,
2028 3189 2371 3274 solicitant,
2418 3191 2771 3276 practicant
2816 3195 2878 3253 et
2923 3189 3212 3253 inficiunt

459 3312 527 3364 25
548 3294 805 3376 multos3
853 3295 1130 3360 decanus
1170 3304 1380 3361 autem
1424 3297 1810 3383 Maguntiae,
1854 3295 1965 3361 ubi
2014 3299 2354 3362 canonicus
2394 3307 2488 3361 est
2534 3296 3069 3383 metropolitanae,
3116 3320 3209 3361 re·

547 3401 705 3466 sidet
751 3411 812 3466 et
857 3402 947 3466 ibi
995 3404 1059 3466 in
1109 3403 1298 3467 choro
1347 3413 1407 3469 et
1454 3403 1795 3489 capitulum
1845 3405 2082 3490 patitur
2110 3404 2182 3492 ⁸¹),
2230 3405 2410 3490 quasi
2456 3426 2582 3468 non
2629 3404 2932 3488 cognitus.

724 3510 1154 3595 Lantgravius
1201 3511 1426 3574 Hassie
1486 3513 1676 3574 etiam
1738 3511 1820 3575 ad
1869 3510 2120 3575 Cesaris
2180 3512 2414 3597 scripta
2472 3511 2585 3573 vix
2640 3509 2841 3574 voluit
2893 3510 3046 3573 dare
3092 3509 3208 3574 sal-

547 3641 695 3681 vum
723 3617 1103 3682 conductum
1130 3618 1586 3682 mercatoribus
1611 3627 1672 3682 et
1695 3616 1944 3683 civibus
1969 3616 2449 3682 Coloniensibus
2471 3617 2555 3681 ad
2582 3617 2898 3681 nundinas
2922 3616 3209 3682 Franck-

546 3723 901 3807 furdianaS,
950 3733 1013 3789 et
1057 3722 1298 3788 distulit
1356 3724 1556 3789 donec
1615 3735 1860 3812 tempus
1918 3724 2308 3809 elaberetur,
2365 3724 2524 3790 adeo
2585 3722 2755 3811 quod
2802 3725 2972 3788 cives
3029 3723 3210 3790 tarde

458 3848 526 3900 30
547 3833 732 3895 nimis
777 3832 856 3895 ad
908 3832 1158 3896 casdem
1208 3832 1522 3896 nundinas
1553 3834 1885 3919 pervenire
1916 3841 2185 3918 possent.
2263 3831 2411 3895 hinc
2450 3833 2638 3896 etiam
2670 3830 2908 3895 clamor
2939 3854 3210 3915 magnus

545 3939 877 4026 jurgiaque
940 3939 1243 4002 adversus
1289 3937 1523 4002 clerum
1581 3938 1663 4003 ob
1712 3962 1896 4025 quem
1945 3941 2282 4025 patiantur.
2377 3938 2605 4003 similia
2649 3940 3081 4024 practicantur
3126 3938 3208 4002 ad

545 4047 948 4111 excitandam
997 4045 1382 4127 seditionem,
1431 4068 1552 4132 que
1599 4069 1742 4110 cum
1790 4045 1980 4109 semel
2026 4068 2108 4110 ex
2155 4048 2288 4110 istis
2333 4044 2619 4111 scintillis
2664 4045 2950 4128 eluxerit,
2997 4050 3210 4108 actum

546 4155 663 4218 erit
710 4155 788 4218 de
836 4153 1100 4219 Colonia
1147 4160 1209 4217 ct
1254 4162 1386 4217 tota
1417 4152 1766 4218 Germania
1871 4155 2121 4218 interim
2173 4161 2569 4218 cuncta-tores
2616 4152 2892 4217 viderint
2937 4153 2989 4215 si
3033 4153 3206 4216 resti-

547 4272 723 4325 tuere
768 4270 1063 4346 poterunt
1108 4261 1434 4347 prolapsa!

457 4381 527 4434 35
725 4367 914 4447 Quod
964 4376 1173 4433 autem
1221 4367 1557 4431 dolendum
1617 4377 1740 4448 est,
1800 4369 2051 4432 interim
2113 4370 2177 4431 in
2236 4367 2405 4431 hisce
2464 4365 2825 4452 regionibus
2889 4367 3207 4452 pascimur

549 4474 730 4538 bonis
778 4474 990 4539 verbis
1049 4483 1109 4538 et
1155 4475 1401 4560 scriptis
1450 4474 1939 4538 Protestantium
1986 4484 2048 4538 et
2093 4476 2372 4538 maxime
2430 4473 2798 4558 lantgravii:
2860 4471 3096 4537 scilicet
3141 4494 3207 4535 se

688 4709 730 4754 a)
760 4706 878 4746 oder.-
907 4708 953 4746 ot
980 4705 1174 4757 capitulo
1203 4705 1396 4756 potitur?
1460 4705 1708 4746 Undmcaich.

694 4797 730 4866 ¹)
770 4796 890 4850 Εἱη
925 4797 1167 4863 feruores
1203 4796 1498 4850 Schreiben
1536 4797 1627 4850 des
1663 4796 1991 4850 Nc'imlichen
2025 4810 2068 4848 3.
2096 4813 2151 4849 u.
2187 4812 2273 4849 nr.
2303 4795 2402 4848 23*
2438 4792 2567 4861 (aus
2604 4793 2850 4865 Parma).

3296 608 3435 657 1545

3248 676 3372 729 Juli
3397 679 3474 730 25

3248 826 3373 881 Juzi
3400 830 3474 881 25

3249 1057 3364 1126 Spt.
3397 1062 3432 1110 9
