3859 5575
646 470 756 537 458
1477 473 1577 533 No.
1614 475 1853 532 97-98:
1895 476 2036 532 1545
2072 474 2364 533 November
2399 475 2485 533 29.

424 677 564 728 1545
650 696 691 738 a
748 673 847 738 far
907 674 1259 739 eoniettura
1315 672 1432 739 ohe
1486 674 1594 760 gia
1652 675 1703 738 si
1764 696 1977 740 vanno
2035 674 2314 740 notando
2374 679 2533 740 tutte
2589 672 2650 737 le
2706 673 3188 760 transgressioni
3251 671 3316 737 di

369 745 510 801 N⁰⁰
536 749 614 802 29
649 779 930 846 Francia
974 802 1089 867 per
1133 787 1463 867 potersene
1507 779 1722 847 valere
1768 804 1807 847 a
1853 804 1966 846 suo
2015 789 2224 868 tempo
2268 783 2336 845 in
2381 780 2829 867 giustifieation
2888 777 2991 844 del
3050 779 3314 865 impera·

650 895 785 953 tore
830 910 947 974 per
991 894 1155 953 tutto
1201 888 1409 975 quello
1454 886 1571 953 che
1613 896 1858 975 potesse
1917 890 2197 975 seguine,
2257 896 2320 954 et
2377 896 2552 954 tanto
2607 889 2720 976 piir
2765 895 3001 975 quanto
3048 888 3107 951 ci
3152 886 3318 951 disse

651 994 768 1060 che
811 997 920 1060 noi
965 1018 1092 1061 non
1138 995 1473 1061 dicessimo
1518 996 1679 1062 altro
1726 1019 1841 1084 per
1885 995 2043 1062 hora
2089 997 2155 1062 di
2202 1005 2423 1084 questo
2469 997 2896 1061 risentimento
2928 994 2996 1080 ¹).

829 1102 1018 1168 Della
1062 1104 1299 1169 tardita
1342 1103 1447 1169 del
1491 1106 1763 1170 corriere
1820 1106 1886 1169 di
1931 1104 2136 1170 Roma
2195 1106 2247 1169 si
2293 1103 2467 1170 dolse
2526 1103 2594 1168 di
2654 1125 2821 1168 novo
2875 1124 2998 1189 pur
3044 1101 3210 1165 assai
3255 1107 3319 1164 et
3373 1114 3408 1167 5

619 1209 819 1275 'disse
866 1209 982 1276 ehe
1029 1233 1069 1275 a
1114 1211 1245 1277 Sua
1275 1211 1522 1276 Maesta
1566 1235 1691 1277 non
1737 1234 1977 1299 pareva
2022 1210 2138 1277 ohe
2183 1211 2247 1276 la
2292 1211 2703 1299 importantia
2747 1209 2813 1275 di
2857 1232 2944 1273 un
2991 1214 3165 1273 tanto
3211 1229 3319 1272 ne·

648 1318 851 1403 goei0‚
898 1341 1076 1383 come
1121 1320 1157 1382 e
1206 1318 1412 1405 quello
1460 1317 1626 1384 della
1671 1320 1964 1406 impr-esa,
2019 1320 2345 1384 meritasse
2393 1325 2568 1384 tanta
2613 1317 3040 1404 expettatione
3087 1321 3149 1379 et
3195 1322 3319 1378 tar-

651 1425 802 1490 dita.
894 1425 939 1490 li
985 1425 1054 1490 fu
1099 1426 1365 1513 risposto
1412 1425 1528 1491 che
1572 1428 1680 1512 gia
1725 1428 1774 1490 si
1822 1449 1930 1492 era
1971 1426 2269 1513 expedito
2316 1425 2358 1490 il
2405 1426 2609 1513 primo
2655 1447 2818 1512 capo
2851 1423 2952 1490 del
2998 1425 3172 1511 aprir
3216 1421 3320 1487 del

651 1532 917 1597 coneilio
964 1534 1030 1597 in
1062 1533 1320 1617 Trento,
1368 1556 1546 1599 come
1593 1534 1724 1600 Sua
1754 1534 2001 1599 Maesta
2045 1533 2295 1599 haveva
2340 1534 2512 1598 detto
2559 1555 2727 1598 esser
2771 1534 3158 1614 neeessari03
3205 1529 3320 1596 che

650 1638 752 1706 all'
802 1640 962 1705 altro
1010 1638 1385 1706 similmente
1443 1663 1572 1706 non
1630 1642 1681 1706 si
1729 1643 1875 1706 sara
1919 1650 2247 1725 maneato,
2309 1648 2373 1706 et
2433 1639 2549 1705 ohe
2607 1662 2734 1705 non
2792 1639 3142 1705 vedevamo
3204 1637 3411 1704 obelo

653 1752 858 1812 stante
913 1746 960 1811 il
1002 1746 1287 1833 deposito
1346 1746 1465 1812 che
1524 1749 1578 1813 si
1636 1754 1821 1813 trova
1878 1750 1942 1813 in
1989 1748 2282 1834 Augusta
2338 1749 2446 1834 gia
2490 1748 2649 1812 tanti
2708 1747 2865 1812 mesi
2910 1768 3096 1830 sone,
3154 1753 3216 1811 et
3260 1744 3323 1808 la

653 1852 825 1919 bolla
868 1853 1017 1919 delli
1063 1856 1222 1919 mezi
1268 1854 1469 1939 frutti,
1517 1852 1633 1920 che
1681 1853 1892 1920 hanno
1941 1856 2004 1918 in
2053 1877 2262 1939 mane,
2308 1861 2374 1919 et
2417 1853 2481 1918 la
2526 1861 2809 1919 eertezza
2853 1852 2958 1918 del
2997 1853 3209 1917 animo
3255 1851 3322 1916 di

652 1961 784 2027 Sua
809 1961 1210 2027 Beatitudine
1240 1984 1355 2049 per
1397 1961 1459 2027 lo
1491 1963 1787 2028 interesse
1817 1962 2062 2048 grande
2095 1961 2211 2026 che
2254 1963 2313 2026 ei
2344 1963 2379 2025 e
2411 1960 2578 2026 della
2621 1959 2941 2047 religione,
2988 1959 3322 2025 havessero

652 2091 846 2133 eausa
889 2068 956 2133 di
1001 2069 1312 2135 ritardare
1359 2068 1588 2135 alcuna
1632 2070 1995 2156 provisione
2053 2069 2169 2135 che
2225 2071 2277 2134 si
2322 2069 2585 2134 havesse
2630 2092 2670 2134 a
2714 2069 2848 2134 fare
2894 2067 3063 2133 dalla
3108 2066 3322 2132 banda

651 2174 803 2241 loro.
894 2177 1205 2263 risposero
1252 2176 1526 2263 (dieemo
1571 2179 1901 2265 risposero‚
1949 2176 2181 2264 perche
2222 2176 2425 2242 anche
2470 2178 2529 2242 ei
2576 2184 2757 2242 stava
2786 2182 3074 2262 presente
3118 2174 3321 2239 Idiae·
3346 2188 3411 2241 15

653 2284 840 2370 ques)
891 2283 1006 2349 che
1052 2283 1185 2348 Sua
1229 2283 1477 2351 Maesta
1529 2284 1760 2350 voleva
1817 2286 2026 2372 prima
2083 2307 2253 2350 esser
2311 2284 2434 2349 ben
2480 2283 2728 2368 chiara,
2788 2290 2851 2348 et
2910 2282 3027 2347 ebe
3085 2291 3322 2369 quanto

651 2389 777 2456 alla
819 2389 991 2456 bolla
1025 2389 1173 2455 delli
1219 2393 1380 2455 mezi
1424 2392 1622 2476 frutti,
1669 2414 1906 2457 ancora
1950 2415 2061 2457 era
2116 2393 2224 2479 qui
2272 2392 2335 2456 in
2384 2414 2534 2458 man
2579 2390 2714 2456 loro
2774 2391 2857 2455 ne
2903 2391 3036 2456 Sua
3081 2391 3325 2455 Maesta

652 2496 882 2563 voleva
927 2497 1042 2563 che
1101 2499 1152 2563 si
1214 2498 1552 2564 mandasse
1608 2500 1671 2563 in
1719 2499 2001 2586 Ispagna
2060 2502 2266 2585 prima
2326 2498 2442 2564 ohe
2500 2522 2628 2564 non
2689 2499 2740 2562 si
2798 2497 3058 2563 vedesse
3117 2496 3323 2585 quello

653 2604 769 2670 ohe
824 2607 877 2669 si
921 2603 1173 2671 haveva
1217 2606 1303 2671 da
1346 2607 1480 2671 fare
1508 2607 1579 2693 ²).
1670 2606 2035 2672 finalmente
2084 2605 2562 2672 concludemmo
2608 2604 2723 2671 ebe
2762 2606 2875 2692 pin
2922 2628 3049 2670 non
3094 2613 3325 2692 poteva

654 2712 908 2778 tardare
955 2735 994 2778 a
1042 2716 1397 2802 comparire
1440 2713 1486 2778 il
1533 2716 1804 2780 corriere
1832 2716 1904 2804 ⁸).
3341 2725 3413 2777 20

831 2822 944 2886 An
1007 2821 1212 2887 letzter
1269 2821 1456 2889 stelle
1521 2823 1787 2907 brinyen
1858 2824 1963 2888 die
2025 2822 2470 2889 Kaiserlicloen
2530 2823 2635 2887 ein
2692 2821 3004 2904 Anlieyen
3057 2821 3324 2886 Andrea

655 2929 895 2994 Dorias
939 2950 1051 2994 vor
1096 2930 1243 2994 betr.
1279 2929 1532 3011 Spolrien
1578 2931 1668 2994 im
1698 2930 2311 3011 Neapolitanischen,
2356 2931 2637 2995 woriiber
2681 2930 2907 2994 bereits
2951 2929 3025 2992 in
3080 2929 3326 2994 Worms

651 3036 771 3099 mit
801 3036 1144 3101 Kardinal
1172 3035 1460 3101 Fame-se
1504 3037 1868 3102 verbandelt
1898 3038 2144 3102 worden
2190 3060 2342 3102 war.
2436 3037 2565 3103 Die
2596 3037 2761 3102 Reate
2790 3036 3142 3114 wilre-sehon,
3196 3036 3326 3118 (last

653 3143 766 3208 dor
810 3142 1019 3225 Papst
1061 3143 1391 3227 veranlcfit
1433 3145 1654 3224 werde,
1704 3145 1946 3211 Dorias
1990 3146 2367 3227 Anspriiche
2411 3166 2494 3210 zu
2540 3143 2934 3226 hefriediyen.

368 3260 512 3316 Νου.
539 3265 617 3317 29
833 3250 940 3315 Da
985 3249 1279 3316 Anversa
1324 3273 1364 3315 a
1412 3261 1493 3318 29
1543 3251 1610 3316 di
1655 3251 2000 3317 novembre
2051 3262 2241 3320 1545.
3340 3261 3410 3315 25

373 3475 514 3531 Nov.
542 3479 618 3530 29
654 3465 768 3532 98.
862 3464 1112 3530 Verallo
1169 3466 1308 3530 und
1365 3466 1674 3530 Dandino
1735 3487 1824 3531 an
1886 3466 2205 3531 Fame-se:
2274 3464 2644 3547 Mitteiluny
2704 3465 2812 3529 des
2874 3465 3322 3543 BeichtvaterS,

654 3573 794 3654 dast
838 3574 949 3637 der
977 3572 1219 3638 Kaiser
1264 3574 1385 3637 den
1414 3572 2024 3655 Protestantenkriey
2059 3572 2408 3655 jeclenfalls
2451 3574 2898 3639 unternehmen
2944 3573 3145 3638 werde
3190 3573 3330 3636 und

651 3680 852 3745 sicher
908 3682 1030 3759 sei,
1102 3680 1592 3763 Unterstiitzuny
1649 3682 1859 3745 seiner
1912 3681 2157 3763 Geyner
2219 3682 2449 3745 seitens
2493 3681 2922 3746 Frankreichs
2980 3682 3098 3746 wie
3144 3680 3324 3762 Eny-

654 3788 844 3853 lands
909 3809 991 3854 zu
1059 3788 1515 3854 hintertreiben.
1618 3787 1997 3871 Darleyuny
2012 3839 2028 3866 ,
2097 3788 2432 3869 inwiefern
2500 3789 2603 3853 die
2664 3786 3327 3868 Braunschweiyische

653 3895 852 3963 Sache
896 3895 1033 3959 und
1073 3894 1258 3960 selbst
1301 3897 1412 3960 der
1441 3895 1736 3960 Abbruch
1782 3898 1895 3961 der
1939 3895 2467 3978 Verbandlunyen
2511 3896 2631 3960 mit
2674 3895 3072 3961 Frankreich
3116 3892 3326 3959 Karls
3344 3907 3418 3961 30

653 4004 993 4070 Absichten
1050 4008 1366 4069 eustatten
1424 4003 1677 4068 komme.
1768 4003 2151 4085 Erklc'iruny
2207 4024 2411 4084 weyen
2472 4003 2813 4084 bisheriyer
2872 4002 3328 4084 Unterlassuny

655 4110 815 4176 aller
860 4111 1252 4193 Reli-sturmen.
1345 4111 1608 4175 Absicht
1650 4113 1757 4176 (les
1786 4110 2062 4176 Kaisers
2105 4111 2269 4175 nach
2301 4111 2703 4194 Reyensbury
2745 4132 2827 4178 ,eu
2867 4111 3092 4194 qehem
3140 4110 3324 4190 Hoff-

800 4344 844 4391 ι)
874 4340 989 4383 finde
1015 4340 1085 4383 dor
1116 4342 1278 4396 Clenjffer.

803 4432 843 4502 ¹)
886 4433 1000 4502 Vyl.
1039 4433 1133 4489 die
1160 4433 1554 4489 Beschwerden
1590 4433 1685 4489 des
1721 4433 1955 4489 Kaiscrs
1992 4434 2122 4489 iiber
2148 4433 2497 4489 Frankreich
2532 4447 2713 4500 weyen
2742 4430 3048 4485 Praktiken
3081 4430 3183 4486 mit
3218 4430 3329 4486 den

657 4520 1048 4577 Protestanten
1082 4524 1203 4578 und
1239 4524 1608 4594 Abberufuny
1654 4523 1752 4578 der
1789 4524 2049 4590 Bischc‘ise
2095 4541 2199 4578 aus
2239 4525 2431 4578 Trient
2467 4523 2604 4578 ohne
2640 4521 2755 4588 ihu,
2795 4520 2903 4574 den
2938 4521 3172 4587 Kaiser,
3222 4519 3340 4586 aus
3348 4525 3417 4578 35

660 4611 865 4667 Grund
912 4612 1169 4677 frfiherer
1204 4615 1639 4682 Abmachunyen
1686 4630 1757 4666 zu
1807 4613 2315 4683 benachrichtiyen‚
2367 4613 2443 4667 im
2494 4609 2686 4675 Briese
2733 4609 2908 4664 Karls
2955 4627 3034 4664 cm
3080 4609 3187 4663 den
3225 4609 3328 4664 Ge-

655 4700 893 4756 sandten
928 4701 1378 4772 Sami-Mauris,
1426 4702 1592 4757 Ende
1628 4702 1942 4771 November,
1995 4703 2079 4757 bei
2128 4720 2174 4758 v.
2213 4703 2445 4769 Druffel
2476 4700 2584 4769 IV,
2636 4700 2690 4754 S.
2729 4703 2799 4753 64
2836 4716 2923 4754 nr.
2962 4704 3058 4764 10;
3103 4715 3144 4752 s.
3182 4698 3328 4752 auch

656 4797 832 4847 unten
868 4809 955 4847 nr.
993 4796 1107 4847 101.

800 4880 840 4953 ¹)
890 4880 1003 4952 Vyl.
1042 4883 1178 4938 oben
1212 4900 1299 4938 nr.
1341 4886 1412 4938 76
1447 4881 1571 4937 und
1605 4888 1782 4938 unten
1815 4898 1901 4937 nr.
1945 4885 2055 4936 119.
