3859 5575
672 436 746 494 80
1580 438 1680 492 Nc.
1718 439 1776 492 4:
1819 439 1956 494 1545
1993 439 2223 495 Februar
2258 441 2436 506 27128.

484 637 620 688 1545
675 634 833 699 steht
863 639 945 719 ¹),
1010 634 1307 717 Weisuny
1363 656 1446 701 zu
1486 636 1705 718 yebere,
1766 636 1897 719 dost
1945 658 2013 701 er
2057 635 2158 700 die
2206 635 2436 717 Briafe
2479 634 2583 700 des
2628 634 2922 701 Nuntius
2965 642 3340 717 unqesc’iumt

465 706 640 845 {2535
676 743 839 807 nach
886 742 1111 807 Trient
1154 744 1366 808 weiter
1410 743 1738 823 besardere.

850 849 1302 934 [Nachschrift
1330 871 1466 915 vom
1495 853 1604 917 28.
1635 850 1985 936 FebruarJ.
2062 850 2299 916 Poicbe
2338 849 2400 915 la
2431 851 2664 937 partita
2694 849 2760 914 di
2800 857 3018 937 questo
3063 852 3336 916 corriero

673 980 787 1045 per
816 956 1044 1042 Napoli
1078 958 1130 1021 si
1159 955 1245 1021 ha
1290 957 1565 1023 differ-ito
1611 966 1832 1045 questo
1881 980 2040 1045 poco
2088 958 2151 1023 di
2185 966 2411 1045 tempe,
2457 959 2778 1044 aggiungo
2819 956 2940 1022 alle
2971 957 3129 1022 altre
3158 980 3338 1023 come

673 1070 897 1151 questa
929 1063 1203 1130 Cesarea
1234 1064 1479 1130 Maesta
1523 1087 1640 1151 per
1686 1073 1904 1152 questo
1950 1066 2171 1131 istesso
2203 1065 2535 1152 despaccio
2581 1066 2787 1129 scrive
2831 1063 3046 1129 lettere
3092 1063 3158 1129 di
3204 1086 3334 1129 cre·
3390 1074 3426 1127 5

674 1170 875 1236 denza
921 1169 1024 1236 nel
1071 1173 1280 1237 vicere
1310 1172 1362 1258 ²)
1406 1171 1488 1237 ad
1536 1171 1713 1237 molti
1761 1172 2018 1237 vescovi
2066 1170 2168 1237 del
2212 1194 2409 1258 regno
2455 1170 2541 1258 (le
2586 1169 2759 1259 quali
2804 1170 3021 1236 lettere
3068 1193 3232 1235 vano
3268 1172 3335 1235 in

672 1276 901 1343 bianco
947 1300 1062 1365 per
1118 1302 1242 1344 non
1305 1301 1524 1366 sapere
1583 1280 1715 1343 Sua
1762 1278 2009 1344 Maesta
2064 1279 2108 1343 il
2167 1301 2352 1344 nome
2397 1279 2463 1343 di
2509 1280 2657 1363 essi)
2715 1286 2777 1343 et
2835 1277 2877 1342 li
2937 1277 3162 1344 ordina
3220 1277 3337 1343 che

673 1385 908 1449 vadino
955 1383 1016 1449 al
1062 1384 1348 1451 concilio,
1442 1395 1504 1451 et
1548 1386 1780 1472 perche
1814 1394 2034 1474 questo
2066 1385 2365 1452 mandato
2399 1408 2464 1450 se
2495 1386 2560 1451 fa
2590 1385 2671 1450 ad
2705 1384 2909 1472 pochi,
2941 1384 3074 1450 selli
3111 1384 3336 1451 ordina

674 1490 790 1557 che
836 1492 1048 1558 debba
1091 1494 1384 1559 intimare
1431 1492 1513 1558 ad
1562 1495 1680 1558 tuti
1729 1492 1772 1557 li
1819 1492 1962 1558 altri
2008 1492 2125 1558 che
2170 1494 2370 1558 stiano
2417 1493 2740 1579 preparati
2786 1515 2898 1579 per
2944 1492 3206 1557 andarci
3250 1492 3334 1558 ad

672 1601 818 1685 ogni
864 1601 1266 1686 requisitione
1313 1599 1377 1664 di
1425 1601 1555 1665 Sua
1600 1599 1875 1666 Cesarea
1921 1601 2181 1665 Maesta.
3357 1611 3425 1662 10

851 1706 936 1770 Et
980 1708 1186 1772 scrive
1232 1730 1346 1794 per
1391 1708 1451 1773 lo
1498 1707 1819 1773 medesmo
1866 1731 1905 1773 a
1952 1708 2250 1790 Venetia,
2308 1706 2770 1772 commettendo
2825 1706 2907 1771 ad
2954 1707 3081 1772 don
3132 1706 3334 1793 Diego

671 1812 1111 1879 ambasciador
1157 1838 1269 1880 suo
1315 1814 1393 1898 1⁸1,
1452 1815 1569 1881 che
1630 1816 1801 1881 vada
1857 1814 1941 1881 ad
2003 1815 2239 1880 Trento
2298 1814 2380 1879 ad
2441 1823 2651 1902 tempo
2711 1816 2775 1880 in
2835 1836 3022 1881 nome
3079 1813 3146 1878 di
3205 1813 3337 1878 Sua

670 1922 942 1986 Cesarea
989 1921 1235 1987 Maesta
1279 1945 1398 1988 con
1445 1922 1490 1987 il
1548 1923 1848 1988 mandato
1907 1924 1972 1987 in
2037 1923 2257 1987 forma.
2351 1930 2414 1987 et
2472 1922 2553 1987 ad
2615 1930 2834 2010 questo
2890 1921 2952 1987 la
2996 1921 3080 1986 ha
3124 1922 3334 2009 spinto

671 2029 731 2093 10
777 2051 930 2094 aver
976 2030 1177 2094 inteso
1222 2053 1337 2116 per
1382 2031 1561 2095 aviso
1607 2028 1765 2096 ch’el
1811 2053 1879 2095 re
1910 2029 2192 2095 Christmo
2239 2028 2434 2095 abbia
2481 2029 2779 2095 mandato
2826 2029 2871 2094 li
2911 2030 3050 2094 suoi
3096 2051 3334 2094 ancora

673 2158 792 2201 con
840 2137 1159 2219 mandato,
1206 2136 1271 2201 di
1317 2137 1506 2203 modo
1553 2137 1689 2218 che,
1734 2161 1848 2225 per
1893 2146 2132 2226 quanto
2177 2137 2436 2203 intendo
2467 2160 2580 2224 per
2610 2137 2824 2202 buona
2860 2139 2984 2220 via,
3031 2137 3421 2202 dimostra15

671 2246 799 2311 Sua
847 2243 1118 2310 Cesarea
1163 2244 1408 2310 Maesta
1465 2268 1591 2310 non
1653 2244 1828 2310 voler
1889 2246 2138 2332 fug-gire
2184 2253 2407 2332 questa
2465 2243 2889 2309 celebratione
2936 2244 3001 2309 di
3047 2242 3331 2326 concilio,

669 2351 809 2416 anzi
857 2350 1243 2416 desiderarla
1270 2354 1342 2438 ⁸).
1436 2354 1497 2416 io
1543 2359 1709 2418 resto
1755 2352 2070 2418 admirato
2118 2352 2261 2435 che,
2312 2351 2513 2417 dache
2561 2375 2715 2417 sono
2760 2353 2827 2416 in
2874 2358 3095 2440 questa
3140 2360 3330 2434 corte,

670 2458 834 2523 dove
880 2481 1003 2546 pur
1048 2460 1098 2523 si
1147 2460 1182 2523 e
1228 2459 1466 2524 dovuto
1526 2466 1752 2525 trattar
1811 2460 1979 2526 della
2036 2458 2400 2525 risolutione
2462 2461 2634 2524 circa
2691 2458 3114 2524 l’alternativa
3167 2457 3333 2524 della

669 2587 828 2652 pace
875 2575 938 2630 et
982 2565 1046 2629 di
1093 2569 1290 2653 quest'
1337 2567 1500 2632 altra
1544 2565 1645 2631 del
1693 2567 1988 2633 ordinare
2033 2566 2140 2632 alli
2200 2568 2453 2631 vescovi
2508 2565 2611 2631 del
2670 2589 2887 2652 regn0,
2933 2566 3048 2631 che
3095 2568 3147 2630 si
3191 2589 3330 2653 pre·

669 2694 905 2759 pareno
950 2695 1063 2759 per
1109 2676 1378 2739 trovarsi
1423 2675 1484 2739 al
1531 2681 1743 2762 tempo
1789 2673 1890 2739 del
1938 2674 2225 2759 concilio,
2273 2674 2390 2740 che
2420 2697 2547 2739 non
2579 2696 2680 2738 me
2715 2697 2792 2738 ne
2823 2672 3142 2739 habbiano
3173 2674 3419 2739 fatto20

667 2782 1136 2847 communicare
1194 2804 1344 2847 cosa
1399 2780 1658 2866 alcuna3
1721 2784 1963 2871 impero
2024 2782 2158 2849 loro
2218 2805 2415 2848 sanno
2485 2780 2630 2870 quel
2684 2781 2800 2848 che
2859 2782 3051 2847 fanno
3097 2789 3160 2847 et
3203 2805 3329 2847 non

668 2888 964 2974 vogliono
1024 2890 1173 2954 forsi
1237 2888 1351 2955 che
1408 2888 1569 2955 altro
1629 2889 1670 2954 il
1732 2893 1972 2978 sappia.
2067 2914 2193 2956 non
2251 2914 2319 2955 so
2374 2889 2490 2955 che
2547 2891 2759 2954 animo
2820 2890 2912 2953 sia
2971 2897 3189 2977 questo
3249 2890 3328 2953 06

669 3018 849 3060 60106
912 2995 1062 3062 sella
1131 2996 1487 3062 intendano.
1592 2998 1829 3063 lassari>
1897 2996 1942 3062 il
2001 2996 2389 3064 descorrerlo
2458 2996 2583 3062 alla
2656 2996 2990 3085 prudentia
3063 2995 3128 3061 di
3199 2996 3330 3062 Sua

667 3102 1068 3168 Beatitudine
1114 3112 1176 3169 et
1221 3103 1287 3169 di
1332 3105 1412 3170 V.
1461 3103 1611 3169 111ιιηι
1656 3116 1720 3171 61
1764 3106 1892 3172 Rm·
1938 3105 2002 3172 S.

1064 3240 1197 3247 m

810 3321 851 3390 ἰ)
888 3321 1007 3375 Mit
1055 3320 1177 3375 dem
1213 3319 1532 3388 „ordinario
1581 3320 1635 3375 di
1687 3319 1993 3392 Augusta“
2043 3320 2328 3375 reehneten
2378 3320 2522 3374 auch
2569 3318 2777 3372 andere
2824 3317 3186 3386 Diplomaeen
3236 3317 3416 3374 (16325

667 3408 1042 3477 Kaiserhofes,
1078 3425 1138 3465 so
1174 3410 1487 3464 wiederholt
1524 3411 1835 3479 Navayero.

810 3498 851 3566 ²³)
888 3500 1023 3553 Don
1058 3499 1339 3554 Ferrante
1381 3499 1661 3567 Gon-2090.
1701 3529 1767 3538 —
1806 3497 2105 3568 Navayero
2140 3498 2345 3552 erziihlt
2396 3515 2481 3550 am
2529 3501 2569 3551 8
2603 3497 2798 3550 Mdrz:
2846 3495 3022 3551 dieser
3069 3496 3215 3565 Taya
3250 3496 3328 3550 sei

666 3588 770 3642 das
807 3588 1051 3644 Geriae'cht
1087 3589 1525 3658 aufyekommen,
1565 3587 1664 3641 der
1699 3587 1906 3642 Kaiser
1943 3588 2079 3642 habe
2116 3586 2392 3653 befohlen,
2444 3581 2563 3654 class
2608 3585 2859 3654 Spanien
2905 3583 3023 3638 υἱον
3070 3583 3328 3650 Bischiife

663 3678 776 3742 (die
828 3695 886 3731 er
936 3678 1079 3732 auch
1127 3678 1326 3744 neunt)
1373 3676 1495 3729 und
1542 3677 1721 3746 einiye
1778 3676 2030 3731 Gelehrte
2081 3694 2209 3731 zum
2264 3677 2469 3730 Konzil
2519 3675 2710 3743 sende,
2765 3674 2885 3728 und
2938 3672 3328 3743 entopreclaend

664 3767 810 3821 scine
847 3767 1079 3836 iibriyen
1124 3766 1374 3820 Stanten.
1448 3765 1682 3835 Speziell
1729 3766 1809 3821 sei
1857 3766 2005 3819 auch
2052 3766 2150 3820 der
2211 3766 2500 3834 Vizekeiniy
2546 3782 2654 3820 von
2700 3764 2931 3819 Sicilien
2974 3763 3325 3833 anyewiesem
3344 3768 3416 3820 30

666 3857 785 3910 eine
838 3855 1111 3909 Auswahl
1164 3855 1262 3909 der
1313 3855 1846 3924 hervmwyenderen
1901 3854 2163 3921 Bischo‘se
2222 3855 2343 3909 und
2406 3855 2584 3909 besten
2646 3854 2947 3922 Theoloqen
3003 3870 3076 3906 zu
3131 3851 3327 3917 treffon

664 3961 763 4014 per
816 3950 1013 4014 questo
1082 3943 1328 3998 servicio
1426 3933 1566 3999 Uber
1633 3944 1722 3998 die
1801 3944 2220 4013 Weiterunyen,
2285 3944 2476 3998 welche
2537 3943 2640 3997 das
2708 3940 3125 4012 entsprechende
3193 3940 3324 3995 Vor-

659 4033 831 4103 9ehen
876 4033 970 4088 des
1018 4033 1337 4103 Vizekoniys
1381 4051 1490 4088 von
1535 4035 1777 4103 Nmpel,
1823 4034 2005 4089 Pedro
2057 4035 2122 4088 (16
2174 4033 2401 4100 Toledo,
2449 4034 2514 4087 in
2560 4032 2740 4087 dieser
2788 4031 2960 4086 Sache
3009 4030 3325 4098 hervorrief,

662 4141 703 4180 s.
740 4140 796 4176 u.
833 4140 919 4177 nr.
960 4127 1043 4178 17.

809 4213 850 4279 ³¹)
898 4213 1012 4282 Vyl.
1048 4214 1182 4268 abe-r
1217 4214 1306 4268 die
1334 4212 1634 4283 Berufuny
1670 4212 1804 4267 Don
1840 4213 2048 4281 Dieyos
2085 4212 2151 4266 (16
2189 4211 2464 4267 Mendoza
2499 4228 2622 4264 zum
2656 4209 3018 4264 kaiserlichen
3056 4208 3326 4263 Vertreter
3342 4213 3414 4267 35

664 4303 727 4356 in
778 4303 967 4357 Trient
1018 4320 1067 4356 v.
1104 4303 1360 4370 Druffel,
1412 4303 1566 4356 Mon.
1623 4302 1771 4356 Trici.
1823 4319 1908 4356 nr.
1963 4306 2047 4356 16.
2134 4302 2242 4355 Am
2288 4306 2365 4356 23
2408 4301 2574 4354 Meirz
2624 4299 2752 4364 trat'
2794 4298 2892 4353 (161·
2937 4298 3216 4354 Gesandte
3263 4299 3326 4353 in

672 4390 860 4446 Trient
896 4392 1015 4447 ein:
1054 4392 1375 4447 Massarelci
1410 4390 1682 4445 Diarium
1720 4392 1804 4445 bei
1843 4391 2161 4459 Diillinycr,
2209 4390 2446 4459 Unyedr.
2482 4390 2742 4444 Berichte
2777 4390 2830 4444 S.
2869 4393 2957 4444 69.
3031 4387 3326 4458 Navayero

662 4481 871 4536 schrieb
908 4499 1000 4535 am
1037 4485 1075 4535 8
1111 4482 1306 4535 Mein.-
1344 4480 1393 4534 le
1430 4496 1558 4535 cose
1595 4480 1681 4533 del
1721 4480 1972 4547 concili0‚
2010 4480 2111 4534 che
2149 4496 2315 4534 erano
2351 4476 2446 4551 gia
2482 4479 2538 4533 in
2577 4486 2774 4550 questa
2805 4486 2958 4533 corte
2984 4479 3325 4533 ἀοι-10601016

664 4571 846 4641 doppo
883 4571 937 4624 la
972 4571 1180 4641 partita
1223 4569 1278 4622 di
1330 4569 1647 4639 monsignor
1694 4568 1973 4623 Granvela
2019 4585 2117 4639 per
2166 4568 2220 4622 la
2269 4569 2447 4636 dieta,
2496 4570 2543 4624 si
2594 4585 2765 4623 sonno
2813 4567 3252 4622 incomminciate
3287 4583 3324 4620 a

663 4660 947 4731 svegliare,
982 4666 1040 4713 et
1078 4658 1230 4712 molti
1269 4658 1504 4712 credeno
1539 4674 1638 4727 per
1674 4664 1832 4728 poter
1867 4657 1984 4711 dire
2021 4674 2056 4711 a
2092 4657 2393 4711 Lutherani
2434 4657 2537 4712 che
2574 4657 2646 4712 da
2681 4657 2881 4713 Cesare
2918 4675 3025 4711 non
3063 4650 3412 4714 (0606611140

665 4749 702 4802 il
740 4748 889 4801 volet
925 4756 1120 4819 questo
1159 4747 1451 4802 benedetto
1489 4747 1751 4813 60061110,
1798 4747 1836 4800 11
1887 4746 2050 4817 quale
2102 4763 2204 4800 con
2253 4753 2400 4801 tutte
2437 4754 2631 4820 queste
2681 4745 3119 4801 dimonstrationi
3158 4742 3322 4815 pochi

665 4854 909 4913 pensano
946 4839 1047 4893 che
1083 4844 1281 4909 questo
1316 4837 1494 4893 anche
1529 4836 1713 4894 debba
1749 4855 1783 4892 0
1818 4837 1967 4908 possi
2004 4836 2325 4895 succedere!
