3859 5575
1546 451 1646 506 Nc.
1686 453 1746 507 5:
1792 453 1925 507 1545
1963 452 2107 505 Mfirz
2147 454 2229 507 12.
3146 448 3221 510 88

555 654 663 712 tua
708 670 862 732 erga
915 668 1030 711 nos
1087 653 1151 711 et
1206 645 1440 711 dictam
1500 645 1709 711 sedem
1773 647 2129 710 reverentia
2187 647 2459 712 eundem
2519 645 2792 711 Fabium
2848 647 3213 734 episcopum
3301 649 3440 700 1545

553 754 844 819 nuntium
903 752 1085 818 solita
1141 776 1269 840 qua
1330 761 1571 818 ceteros
1630 752 1882 817 nuntios
1940 760 2188 818 nostros
2249 752 2640 819 humanitate
2707 762 2770 818 et
2829 752 3216 839 benignitate
3253 719 3394 772 Mrz'
3421 722 3494 773 1⁴²

553 863 845 948 excipere
892 860 1207 948 fidemque
1251 863 1389 946 ejus
1435 858 1647 925 verbis
1694 866 1823 924 tam
1870 882 2042 925 nunc
2090 883 2280 947 quam
2328 862 2575 948 quoties
2620 869 2681 926 te
2719 867 2933 926 nostro
2964 861 3218 926 nomine

431 982 440 989 ‘
556 967 938 1055 alloquetur,
999 966 1169 1032 baud
1232 969 1539 1032 minorem
1600 965 1907 1054 praebere
1967 966 2124 1032 velis
2181 991 2371 1055 quam
2432 970 2483 1034 si
2530 992 2645 1034 nos
2689 969 2813 1055 ipsi
2857 975 3219 1055 praesentes

499 1086 534 1138 5
557 1074 949 1161 Majestatem
982 1074 1188 1139 Tuam
1237 1072 1715 1161 alloqueremur.
1778 1081 1841 1139 et
1870 1075 2171 1161 quoniam
2203 1076 2638 1140 existimamus
2669 1075 2933 1140 eandem
2973 1074 3216 1141 Sereni-

554 1189 748 1247 tatem
795 1181 1004 1246 Tuam
1049 1183 1115 1246 in
1165 1181 1597 1247 vormaciensi
1643 1188 1960 1246 conventu
2008 1203 2119 1268 pro
2166 1204 2281 1246 sua
2311 1183 2594 1246 maxima
2633 1204 2708 1247 ac
2739 1183 2915 1268 regia
2945 1183 3217 1247 auctori-

554 1296 681 1353 tate
726 1288 1090 1354 adfuturam
1121 1292 1195 1373 ⁸),
1243 1288 1570 1354 hortamur
1607 1296 1670 1353 et
1701 1289 1765 1352 in
1798 1287 2057 1352 domino
2088 1289 2468 1375 requirimus
2498 1288 2765 1355 eandem
2799 1289 3216 1355 serenitatem

555 1398 760 1462 Tuam
809 1404 879 1461 ut
925 1419 1180 1461 causam
1230 1394 1549 1482 religionis
1610 1395 1791 1460 solito
1853 1396 2073 1460 favore
2129 1418 2545 1483 prosequens,
2607 1397 2660 1461 si
2708 1395 2861 1484 quid
2908 1396 2988 1461 de
3033 1419 3110 1460 ea
3154 1397 3217 1460 in

555 1507 689 1591 ipso
734 1510 1050 1568 conventu
1085 1503 1517 1568 Vormaciensi
1567 1504 1837 1589 proponi
1886 1505 2238 1589 contigerit,
2285 1503 2444 1568 velis
2489 1526 2714 1569 curare
2754 1511 2817 1568 et
2853 1503 3103 1569 efficere
3151 1512 3220 1569 ut

470 1612 616 1676 loid
667 1620 864 1676 totum
914 1610 998 1675 ad
1045 1608 1400 1676 universale
1448 1610 1803 1693 concilium,
1850 1609 2023 1696 quod
2055 1609 2345 1675 Tridenti
2393 1609 2601 1676 denuo
2644 1610 2954 1676 indictum
2995 1619 3059 1676 et
3077 1610 3218 1697 jam

557 1718 848 1783 omnibus
892 1719 1252 1804 expositum
1301 1725 1413 1799 est,
1460 1718 1835 1799 remittatur,
1884 1718 2048 1782 sicut
2078 1718 2249 1782 omni
2268 1718 2418 1803 jure
2455 1712 2740 1782 debitum
2786 1726 2896 1782 est.
2987 1716 3052 1781 id
3099 1717 3219 1781 erit

557 1824 1008 1890 consuetudine
1077 1832 1188 1889 tua
1254 1832 1444 1912 atque
1514 1824 1723 1889 officio
1793 1825 2319 1911 praestantissimi
2388 1826 2554 1910 regis
2623 1824 2887 1910 dignum
2956 1832 3019 1888 et
3076 1823 3215 1888 Deo

555 1932 966 2018 omnipotenti
1009 1918 1456 2017 gratissimum.

730 2039 972 2105 Datum
1033 2039 1272 2103 Romae
1331 2038 1504 2125 apud
1564 2045 1852 2103 sanctum
1916 2039 2178 2104 Petrum
2239 2038 2356 2103 sub
2412 2037 2648 2104 annulo
2720 2037 3048 2124 piscatoris
3115 2036 3217 2101 die

470 2155 535 2208 15
564 2158 639 2212 12
687 2147 897 2211 martii
951 2155 1140 2229 1545,
1187 2145 1596 2232 pontificatus
1642 2147 1839 2211 nostri
1886 2169 2056 2212 anno
2102 2144 2440 2211 undecimo
2471 2151 2522 2231 ¹)
3251 2154 3487 2210 Mrz.12

2246 2251 2496 2318 Blosius
2542 2251 2616 2318 el.
2666 2250 3082 2340 Fulginensis.

697 2538 742 2587 ιι)
771 2537 820 2577 In
849 2538 922 2577 dor
951 2537 1118 2577 uenata
1134 2538 1247 2587 solqt
1275 2539 1393 2584 noch,
1422 2539 1518 2578 aber
1545 2538 1808 2579 unm-le'm‘m
1848 2538 1931 2585 (als
1967 2538 2364 2588 fihtnqsm’clmm
2392 2538 2481 2579 etsi
2508 2539 2586 2579 tua
2613 2538 2758 2589 pletas
2785 2536 3038 2579 laudatione
3067 2537 3217 2588 potin·

551 2611 654 2661 eget
679 2621 808 2659 quam
837 2607 1101 2659 hortulano,
1129 2610 1276 2650 tamon
1305 2609 1426 2650 illam
1455 2621 1531 2661 pro
1560 2609 1706 2650 oracio
1735 2612 1883 2650 nostro
1913 2610 1961 2650 et.
1987 2620 2061 2660 pro
2093 2609 2154 2650 rei
2178 2609 2362 2661 justitia
2388 2611 2517 2661 atque
2548 2612 2795 2651 honestate.

551 2699 618 2753 de
657 2699 925 2767 Romani,
961 2717 1063 2754 con
1102 2700 1403 2754 intentione
1441 2699 1544 2755 che
1581 2700 1637 2753 in
1675 2718 1750 2754 un
1796 2707 1982 2770 tempo
2030 2700 2325 2754 medesimo
2375 2717 2540 2770 possa
2589 2701 2791 2755 servire
2829 2700 2940 2754 alla
2974 2699 3125 2754 dieta
3160 2700 3215 2754 di

464 2790 534 2843 20
552 2790 856 2855 Vormatia,
892 2790 1003 2845 alla
1040 2790 1203 2861 quale
1240 2791 1278 2844 il
1316 2807 1374 2845 re
1411 2808 1510 2861 per
1546 2791 1585 2845 li
1622 2791 1813 2853 avvisi,
1852 2792 1954 2846 che
1994 2791 2045 2846 ci
2084 2807 2216 2844 sono
2253 2791 2308 2845 di
2348 2790 2564 2862 Praga,
2601 2791 2774 2845 dovea
2810 2790 3034 2845 inviarsi
3072 2791 3218 2845 intra

549 2879 713 2950 pochi
760 2879 955 2949 giomi.
1030 2879 1169 2933 onde
1217 2895 1340 2933 esso
1385 2881 1702 2950 monsignor
1751 2898 1857 2934 non
1904 2877 2131 2934 tardata
2181 2880 2235 2934 la
2280 2880 2490 2950 partita
2539 2896 2597 2933 se
2646 2897 2754 2934 non
2801 2897 2900 2950 per
2947 2880 3002 2935 di
3049 2880 3146 2950 qui
3183 2896 3218 2933 a

549 2967 784 3026 domani.
820 2974 877 3022 et
913 2965 1036 3022 fara
1073 2968 1109 3021 il
1148 2968 1371 3039 viaggio
1407 2969 1463 3022 in
1500 2975 1660 3040 poste
1706 2985 1805 3039 per
1854 2976 2043 3039 potere
2093 2970 2325 3023 trovarsi
2371 2976 2531 3023 tanto
2580 2969 2758 3039 prima
2803 2967 2860 3023 in
2912 2969 2998 3023 sul
3051 2969 3217 3040 luogo

548 3057 693 3111 della
737 3058 919 3126 dieta,
968 3057 1146 3112 donde
1198 3058 1270 3112 ha
1317 3058 1648 3128 particolarc
1700 3059 2081 3114 commissione
2130 3059 2187 3112 di
2235 3066 2420 3113 tenere
2469 3058 2714 3113 avvisate
2752 3057 2819 3112 V.
2859 3057 2913 3114 S.
2954 3057 3074 3112 ΒΜ
3112 3075 3214 3113 con

549 3147 678 3217 ogni
716 3146 1006 3217 diligentia
1041 3147 1096 3200 di
1135 3154 1343 3216 quanto
1378 3144 1651 3202 accadara
1687 3148 1741 3201 di
1782 3145 1838 3201 la
1866 3147 2046 3219 degno
2070 3147 2216 3202 della
2246 3147 2389 3202 Loro
2417 3148 2628 3202 notitia.
2690 3147 2839 3217 Θήρ.
2870 3148 2934 3201 in
2959 3148 3214 3213 Florem,

461 3235 530 3287 25
549 3236 714 3290 Carte
753 3235 967 3290 Cervin.
1006 3234 1135 3290 filza
1171 3238 1203 3290 9
1241 3236 1334 3291 fol.
1373 3239 1407 3291 3
1445 3238 1573 3307 (ryl.
1610 3238 1767 3292 Mon.
1808 3237 1964 3291 Trici.
2004 3254 2089 3290 nr.
2129 3239 2234 3304 11).

695 3326 734 3392 ¹)
782 3314 923 3379 Uber
958 3325 1048 3380 die
1079 3325 1453 3397 Verzoyeruny
1483 3326 1581 3382 der
1607 3327 1832 3381 Abreise
1861 3327 2236 3394 Miynanellos
2263 3327 2345 3382 bis
2370 3343 2493 3380 zum
2522 3330 2601 3379 15.
2636 3326 2689 3381 d.
2719 3326 2801 3379 M.
2830 3327 2933 3396 vyl.
2966 3327 3213 3380 Menum.

554 3414 884 3468 Tridentina
919 3431 1034 3468 ηπ.
1075 3418 1144 3468 14
1181 3432 1236 3469 u.
1275 3420 1359 3469 18.
1435 3418 1541 3470 Am
1575 3419 1654 3469 20
1690 3416 1855 3470 Mc‘irz
1890 3415 2101 3480 besana
2134 3416 2253 3471 sich
2287 3416 2384 3469 der
2420 3414 2679 3468 Nuntius
2714 3415 2777 3469 in
2813 3415 3095 3484 Boloyna,
3134 3433 3215 3470 wo

549 3504 664 3557 ihm
700 3503 799 3557 der
826 3503 1018 3572 Leyat,
1055 3504 1349 3559 Kardinal
1378 3505 1629 3571 Marone,
1668 3506 1830 3558 einen
1859 3503 2035 3570 Brief
2058 3521 2137 3558 an
2165 3504 2256 3559 die
2295 3504 2746 3573 Konzilsleqaten
2780 3503 2986 3572 mityab
3025 3503 3215 3573 (Carte

550 3591 762 3646 Cervin.
802 3590 930 3646 filza
965 3593 1000 3647 4
1037 3611 1118 3646 nr.
1159 3595 1262 3648 133
1305 3593 1512 3663 Ov·v‘9.),·
1547 3611 1639 3647 am
1674 3598 1764 3648 23.
1804 3594 1929 3648 kam
1967 3610 2027 3648 er
2062 3594 2208 3648 nach
2253 3593 2469 3660 Trient,
2519 3610 2634 3647 was
2670 3593 2759 3647 die
2794 3593 3041 3662 Leqaten
3075 3593 3215 3647 noch

460 3682 628 3734 30an
676 3680 973 3736 demselben
1026 3682 1170 3751 Taye
1220 3700 1298 3736 cm
1347 3684 1590 3738 Far-mse
1637 3683 1902 3738 meldeten
1950 3684 2132 3749 (Mon.
2185 3683 2336 3737 Trid.
2383 3698 2469 3736 nr.
2514 3685 2632 3750 20).
2706 3682 3024 3737 Massarelli
3070 3680 3214 3750 (cod.

549 3768 776 3824 Barber.
827 3769 967 3825 XVI
1018 3772 1085 3824 27
1137 3770 1230 3824 fol.
1285 3773 1409 3838 10·;
1463 3770 1750 3838 lob-110)
1802 3774 2007 3827 notiort
2064 3789 2185 3826 zum
2233 3775 2304 3826 21
2352 3772 2519 3825 Mdrz
2567 3771 2656 3824 die
2704 3771 2967 3836 Ankunst
3018 3770 3112 3825 des
3161 3770 3214 3825 d.

549 3860 885 3915 blanc-iscus
904 3860 1213 3927 Martinus,
1243 3858 1337 3914 des
1362 3859 1668 3925 familiaris
1686 3862 2060 3930 Miynanellos
2085 3860 2229 3926 (dem
2256 3877 2315 3915 er
2332 3861 2575 3930 zuqleich
2603 3861 2687 3915 als
2711 3860 2966 3915 Sekretiir
2984 3860 3218 3928 cliente),-

551 3966 636 4003 αα
674 3953 768 4004 23.
807 3946 965 4017 hevflt
1002 3966 1087 4004 es.-
1122 3948 1252 4003 Rev.
1294 3950 1549 4005 dominus
1586 3949 1795 4005 Fabius
1835 3950 2205 4021 Mignanellus
2233 3950 2487 4005 Senensis
2512 3950 2804 4021 episcopus
2828 3949 3216 4005 Lucerinensis

553 4039 779 4093 nuntius
828 4039 1167 4108 apostolicus
1217 4039 1366 4109 apud
1591 4038 1962 4093 Romanorum
2012 4055 2198 4110 regem
2243 4056 2309 4093 ex
2359 4038 2494 4093 urbe
2543 4036 2896 4108 proficiscens
2945 4040 3215 4110 applicuit

463 4127 686 4182 35hora
723 4129 792 4182 23
843 4127 958 4191 (die
993 4127 1243 4197 Le9aten
1289 4146 1342 4183 a.
1391 4146 1443 4182 a.
1495 4129 1590 4184 0..·
1636 4133 1740 4197 214
1799 4128 1936 4195 Uhr)
1984 4129 2039 4181 in
2091 4128 2248 4199 equis
2294 4128 2574 4198 dispositis
2625 4135 2834 4198 septem
2885 4146 3011 4183 cum
3062 4129 3214 4183 fami·

547 4215 790 4270 liaribus.
869 4216 1124 4271 Derselbe
1172 4233 1296 4272 zum
1346 4222 1420 4273 25
1457 4219 1623 4272 Mitrz
1671 4217 1730 4287 (l.
1770 4217 1804 4271 l.
1857 4217 1951 4271 fol.
1995 4219 2056 4272 11
2073 4215 2156 4287 ι·)ε
2208 4216 2575 4288 Mignanellus
2621 4225 2748 4287 post
2791 4218 3081 4289 prandium
3120 4219 3213 4273 ha·

547 4304 724 4359 bitum
777 4322 901 4359 cum
940 4304 1061 4359 R¹¹⁸⁰
1101 4305 1303 4362 Sancte
1339 4307 1536 4362 Crucis
1578 4323 1644 4360 ex
1695 4306 1964 4361 Tridento
2010 4306 2263 4361 discessit
2311 4323 2436 4361 cum
2486 4313 2696 4377 septem
2748 4305 3108 4360 familiaribus
3158 4306 3214 4360 in

545 4394 703 4465 equis
740 4395 1023 4464 dispositis
1059 4395 1196 4450 hora
1234 4396 1334 4464 19,
1385 4396 1490 4450 iter
1526 4412 1762 4466 sequens
1800 4396 2143 4451 Vormatiam
2181 4412 2400 4462 versus,
2450 4394 2548 4449 ubi
2594 4413 2689 4449 rex
2735 4395 3105 4450 Romanorum
3141 4394 3213 4450 ob

547 4483 972 4539 celebrationem
1028 4484 1207 4540 dietae
1252 4485 1485 4552 residet,
1535 4484 1612 4539 ibi
1673 4485 1888 4539 nomine
1939 4483 2217 4555 pontificis
2274 4485 2491 4539 maximi
2542 4486 2907 4555 apostolicum
2962 4486 3215 4540 nuntium

457 4573 528 4627 40
548 4581 822 4643 gesturus.
896 4573 1145 4628 dedimus
1182 4574 1233 4628 ei
1270 4573 1530 4628 ziffaram.
1571 4603 1637 4613 -
1678 4569 1819 4642 Dass
1855 4575 2206 4643 Miynanello
2243 4575 2329 4629 als
2364 4575 2624 4629 Nuntius
2658 4593 2729 4629 zu
2766 4575 2839 4629 K.
2879 4574 3216 4630 Ferdinand

547 4663 766 4730 komm,
803 4663 1065 4717 remahm
1102 4663 1200 4717 der
1233 4664 1669 4719 Mantuanische
1709 4664 1987 4718 Gesandte
2028 4662 2300 4733 Capilupo
2336 4681 2428 4718 am
2463 4668 2532 4718 18
2567 4666 2737 4719 Meirz
2772 4666 2835 4718 in
2875 4665 3091 4732 Tm'ent,
3129 4664 3214 4720 als

546 4768 606 4806 cr
644 4750 789 4806 diosc
815 4739 996 4807 'stadt
1033 4752 1149 4818 auf
1177 4752 1275 4806 der
1311 4753 1472 4808 Reise
1507 4754 1651 4807 nach
1699 4752 1911 4807 Worms
1959 4753 2226 4807 beritho-te.
2302 4753 2355 4807 S.
2404 4754 2591 4808 seim
2643 4753 2869 4809 Beria-ht
2904 4770 3023 4808 vom
3058 4757 3211 4806 nam-

547 4841 727 4896 lichen
765 4841 928 4913 Taya,
965 4843 1188 4898 welcher
1215 4842 1306 4899 die
1333 4842 1506 4900 Reihe
1544 4843 1642 4900 der
1669 4842 1983 4917 Dopachen
2022 4859 2128 4902 von
2161 4843 2342 4901 κίων
2378 4842 2676 4900 deutschen
2703 4843 2943 4897 Mission
2971 4840 3211 4912 erdffnet.

2702 4931 2786 4993 ὅθ
