3859 5575
456 666 595 717 1545

413 735 548 805 Apr.
574 737 647 788 25

401 1742 542 1796 Mrz.
568 1745 647 1796 26

455 2170 585 2224 Mai
614 2174 647 2222 1

686 457 789 517 ns
1658 456 1756 513 No.
1797 459 1891 514 16:
1928 457 2072 515 1545
2105 458 2256 531 April
2293 460 2379 515 25.

682 654 931 720 Maesta
987 654 1103 720 sali
1162 655 1245 719 ad
1304 656 1592 720 incontro
1654 655 1741 721 fin
1803 654 1926 720 alla
1987 663 2171 743 porta
2229 655 2331 721 del
2391 657 2648 743 palazzo
2708 657 2812 723 nel
2869 657 3218 723 dismontar
3262 657 3348 722 da

683 760 962 845 cavallo,
1022 760 1138 827 che
1183 769 1428 828 costoro
1475 785 1602 827 non
1648 770 1957 850 reputano
2017 786 2178 850 poco
2225 764 2459 830 favore.
2555 764 2739 830 diede
2784 787 2971 830 nome
3016 765 3081 829 di
3127 788 3348 830 menar

683 893 825 935 seco
886 880 1015 938 800
1076 869 1306 936 cavalli
1367 878 1431 935 et
1488 893 1603 957 per
1663 873 1818 936 tanti
1879 894 1961 936 ne
2021 871 2454 937 domandorno
2516 872 2558 936 li
2620 872 3045 959 allogiamcnti
3107 873 3150 938 li
3211 875 3344 938 suoi

683 977 939 1061 ferreti,
986 1000 1092 1042 ma
1137 978 1200 1042 di
1247 977 1433 1064 pochi
1481 1000 1782 1064 passorno
1841 977 1886 1041 il
1946 1001 2207 1043 numero
2267 978 2348 1043 de
2396 988 2541 1047 200.
2632 979 2861 1044 dicano
2916 979 2958 1044 li
3004 981 3142 1045 suoi
3189 979 3344 1044 che'l

682 1086 777 1148 sia
823 1092 1057 1149 venuto
1088 1106 1215 1170 per,
1242 1086 1556 1171 seguitare
1587 1085 1720 1149 Sua
1749 1083 2023 1149 Cesarea
2054 1085 2299 1150 Maesta
2336 1087 2403 1150 in
2435 1084 2814 1170 Germania3
2857 1088 3009 1173 pero
3040 1086 3346 1151 s’intende
3399 1096 3434 1149 5

681 1190 799 1256 che
846 1198 1054 1277 presto
1101 1193 1247 1255 sara
1291 1190 1534 1277 spedito
1581 1199 1643 1256 et
1688 1190 1804 1257 che
1850 1193 2165 1256 ritornara
2208 1193 2274 1256 in
2322 1192 2615 1276 Francia,
2660 1193 2894 1280 perche
2940 1194 3072 1259 Sua
3103 1194 3348 1258 Maesta

681 1320 808 1362 non
855 1296 1041 1363 vuele
1089 1297 1205 1362 che
1253 1320 1461 1384 venga
1506 1297 1881 1364 alti-amente
1927 1321 2090 1383 8880,
2138 1322 2263 1364 11011
2311 1301 2575 1366 essendo
2613 1303 2903 1366 massime
2950 1308 3183 1366 venuto
3230 1299 3345 1365 che

680 1428 794 1492 per
839 1404 1104 1470 rendere
1149 1403 1207 1469 le
1250 1406 1452 1490 gratie
1499 1428 1540 1470 a
1584 1406 1714 1471 Sua
1760 1406 2007 1472 Maesta
2051 1406 2217 1472 della
2262 1430 2470 1474 merce
2515 1407 2680 1474 della
2719 1409 3141 1474 declaratione
3187 1408 3346 1473 fatta

680 1515 744 1577 in
793 1536 907 1578 suo
953 1511 1259 1577 beneficio
1296 1513 1361 1599 ¹).
1455 1535 1582 1578 non
1629 1536 1696 1579 so
1742 1514 2023 1579 anchora
2081 1538 2146 1579 se
2203 1524 2386 1601 porta
2445 1514 2508 1579 la
2568 1518 2921 1581 restitution
2985 1515 3052 1580 di
3113 1515 3344 1598 Hedin,

682 1619 798 1684 che
844 1622 896 1684 si
940 1627 1273 1706 aspettava
1317 1620 1398 1684 ad
1446 1629 1669 1707 questa
1713 1644 1830 1686 sua
1874 1629 2113 1686 venuta
2140 1624 2211 1706 ²).
3369 1631 3436 1685 10

860 1725 989 1806 Qui
1035 1748 1148 1789 son
1194 1725 1414 1791 lettere
1458 1726 1544 1791 da
1576 1727 1838 1791 Londra
1883 1728 1964 1792 de
1998 1739 2099 1796 26.
2133 1727 2234 1793 del
2280 1736 2551 1815 passato,
2600 1750 2780 1793 come
2812 1728 2856 1792 il
2887 1729 3148 1814 negocio
3179 1726 3347 1792 della

680 1855 837 1920 pace
885 1833 1024 1897 tra'l
1070 1855 1138 1897 re
1185 1832 1466 1899 Christum
1514 1842 1577 1897 et
1620 1832 2003 1919 Inghilterra
2050 1858 2158 1899 era
2202 1835 2550 1921 disperat0‚
2607 1843 2670 1901 et
2730 1837 2783 1900 si
2837 1834 3003 1899 dava
3049 1834 3112 1899 la
3155 1857 3347 1899 cansa

681 1940 797 2005 che
844 1963 971 2005 non
1017 1942 1069 2005 si
1115 1939 1343 2005 voleva
1388 1942 1666 2005 restituir
1714 1939 2018 2028 Bologna,
2065 1964 2253 2006 senza
2297 1941 2361 2006 la
2405 1941 2591 2029 quale
2637 1966 2766 2007 non
2813 1944 2864 2006 si
2896 1964 3168 2028 sperava
3199 1964 3343 2005 con-

680 2047 898 2112 cordia
941 2070 1215 2112 nessuna
1241 2049 1313 2134 ³).

770 2228 775 2233 ,
861 2155 928 2220 Si
975 2157 1139 2220 tiene
1185 2154 1299 2219 che
1345 2154 1477 2219 Sua
1522 2154 1798 2220 Cesarea
1844 2155 2091 2221 Maesta
2135 2180 2262 2221 non
2309 2156 2471 2222 lasse
2527 2180 2784 2244 passare
2841 2156 2888 2221 il
2932 2179 3128 2221 vener
3171 2163 3433 2243 pros-15

679 2262 837 2326 simo
885 2262 968 2326 ad
1015 2262 1216 2348 partin·
1261 2262 1340 2327 de
1385 2263 1495 2349 qui
1540 2284 1654 2348 per
1701 2262 1971 2328 Vormes
1997 2265 2075 2350 ⁴),
2120 2264 2386 2328 essendo
2423 2264 2616 2329 molto
2648 2263 2995 2329 sollecitata
3024 2262 3131 2328 dal
3162 2263 3346 2328 Serum

826 2441 863 2508 ¹)
914 2429 1055 2496 Uber
1093 2440 1341 2495 orzeans’
1379 2439 1640 2506 Ankunsz
1674 2459 1731 2495 u.
1769 2458 1811 2496 a.
1848 2460 1910 2495 w.
1951 2442 2233 2498 berichtete
2273 2442 2489 2498 Ver-azzo
2517 2461 2607 2497 am
2629 2443 2877 2512 qzeichen
2902 2445 2975 2495 25
3005 2441 3172 2509 April
3202 2441 3348 2495 auch

679 2531 803 2598 (mit
853 2530 972 2585 dem
1019 2532 1257 2597 Zusatz,
1304 2527 1425 2598 dass
1470 2530 1573 2583 der
1620 2530 1835 2601 Herzog
1880 2532 2025 2586 wohl
2066 2532 2235 2587 sehon
2281 2534 2346 2586 in
2396 2537 2432 2587 3
2477 2533 2561 2586 bis
2610 2535 2645 2585 4
2685 2533 2869 2601 Tagen
2913 2530 3347 2599 zurackyesandt

678 2619 892 2674 werden
930 2620 1138 2688 warde)
1176 2638 1255 2673 an
1291 2620 1663 2688 Miyuanello,
1701 2621 1786 2674 als
1822 2624 2079 2676 Antwort
2117 2622 2234 2688 aus
2260 2623 2354 2676 ein
2397 2621 2574 2688 (nieht
2621 2620 3009 2690 vm·licyendes)
3055 2620 3347 2674 Schret'ben

680 2710 851 2764 dieses
888 2727 967 2763 an
1001 2710 1103 2763 ihu
1138 2726 1259 2762 vom
1297 2712 1369 2762 18
1407 2709 1591 2777 April.
1666 2709 1895 2776 Parma,
1932 2710 2082 2765 Cart.
2122 2710 2284 2765 Farn.
2330 2711 2482 2781 0r2‘9.
2524 2742 2590 2751 -
2647 2712 2760 2780 Vql.
2811 2709 2999 2775 semer
3047 2709 3345 2778 Nava-qam
3364 2706 3435 2758 20

678 2817 798 2854 vom
823 2803 910 2854 25.
951 2830 1015 2839 —
1055 2801 1122 2853 in
1147 2800 1259 2853 den
1288 2800 1555 2869 Beilaycn
1584 2830 1650 2839 -
1687 2800 1809 2853 und
1838 2799 1947 2853 den
1973 2801 2204 2855 Bericht
2242 2801 2339 2855 der
2365 2800 2700 2871 Enyldnder
2748 2800 2968 2854 Wotton
3002 2798 3124 2852 und
3167 2799 3345 2853 Carne

677 2906 801 2943 vom
836 2893 917 2944 27
951 2890 1124 2958 April
1158 2888 1541 2958 (Statepapers
1575 2889 1636 2943 X
1673 2906 1789 2944 m.
1828 2893 1977 2943 1141.
2015 2893 2207 2958 1143),
2255 2908 2362 2945 von
2407 2890 2582 2944 denen
2626 2895 2852 2944 nster-er
2887 2888 3176 2955 hev-icam,
3225 2883 3346 2954 ‹10ss

683 2976 917 3032 Orldans
945 2977 1048 3033 das
1074 2977 1475 3034 mailendische
1514 2979 1764 3048 Wappen
1790 2980 1893 3033 mit
1921 2978 2041 3033 dem
2067 2981 2255 3034 scinen
2277 2980 2529 3048 yekreuzt
2552 2985 2815 3049 yetrayen
2840 2977 2992 3031 habe.
3025 3005 3088 3014 --
3130 2976 3345 3029 Vei-allo

678 3068 840 3121 selbst
874 3067 1001 3121 kam
1034 3068 1298 3136 tibi-iyem
1331 3068 1397 3121 in
1432 3069 1583 3123 einer
1619 3068 1896 3137 Depesche
1932 3086 2011 3123 an
2046 3068 2295 3123 Famae
2344 3085 2465 3121 vom
2512 3070 2587 3122 26
2633 3068 2805 3136 April
2853 3066 2968 3132 auf
3001 3065 3108 3120 den
3155 3064 3346 3119 Zweek

678 3156 776 3210 des
810 3156 1106 3210 Kommens
1140 3156 1236 3210 des
1264 3156 1511 3227 Herzoys
1537 3156 1773 3211 eurack:
1811 3156 1900 3210 Ηο
1929 3158 2107 3211 intcso
2136 3156 2276 3212 che’l
2307 3157 2451 3211 duca
2477 3154 2748 3210 d’Orliens
2778 3162 2938 3230 porta
2965 3153 3343 3209 commissione
3363 3152 3432 3205 25

678 3246 735 3299 di
772 3246 890 3300 fare
927 3247 1056 3317 ogni
1094 3244 1280 3302 officio
1317 3264 1419 3301 con
1458 3246 1572 3301 Sua
1608 3245 1844 3301 Cesarea
1881 3243 2125 3314 Maesta,
2173 3242 2377 3317 perche
2413 3245 2594 3300 faccia
2631 3245 2684 3298 la
2732 3260 2870 3314 pace
2915 3242 3002 3296 fra
3038 3259 3138 3296 suo
3175 3241 3344 3311 padre

678 3335 747 3389 e'l
796 3352 852 3389 re
900 3335 1316 3406 d'lnghilterra,
1366 3342 1423 3389 et
1469 3335 1573 3390 che
1622 3352 1722 3405 per
1769 3352 1953 3390 essere
2002 3336 2057 3389 la
2105 3335 2380 3390 discordia
2424 3353 2489 3389 su
2529 3335 2583 3388 18
2619 3333 2965 3389 restitutione
3002 3332 3055 3385 di
3097 3331 3345 3401 Bologna

676 3424 1045 3496 [Bouloqne],
1085 3425 1189 3480 che
1216 3425 1260 3478 si
1298 3442 1461 3496 spera
1496 3442 1662 3495 possa
1695 3425 1928 3480 trovarsi
1969 3426 2205 3496 qualche
2242 3426 2384 3479 altro
2422 3441 2604 3479 mezzo
2631 3440 2730 3494 per
2757 3421 3011 3477 satisfare
3036 3421 3106 3475 ad
3138 3420 3342 3491 Iughil-

678 3523 827 3569 terra
863 3522 921 3569 et
957 3514 1083 3569 farli
1121 3515 1398 3569 restituire
1437 3513 1490 3568 la
1526 3514 1747 3569 sudctta
1783 3515 1923 3569 citta
1962 3556 1973 3566 .
2006 3554 2017 3567 .
2051 3555 2062 3567 .
2142 3515 2289 3583 Oriq.
2327 3515 2394 3567 in
2428 3513 2655 3575 Parma,
2697 3512 2844 3567 Cart.
2885 3510 3048 3565 Fam.
3123 3511 3218 3563 An
3253 3510 3342 3563 die

677 3603 1123 3674 Konzizaleyaten
1175 3603 1306 3657 aber
1353 3603 1564 3658 schrieb
1626 3603 1842 3657 Verallo
1896 3621 1990 3657 am
2036 3607 2126 3659 29.
2177 3620 2301 3657 vom
2353 3603 2602 3671 Her-209.-
2654 3601 2845 3655 volcva
2898 3599 3175 3671 segnitare
3231 3598 3344 3653 Sua
3362 3598 3433 3651 30

679 3688 895 3747 Maesta
930 3693 1001 3746 ad
1040 3692 1293 3762 Vormes,
1330 3710 1421 3746 ma
1457 3710 1566 3746 non
1603 3693 1678 3746 ha
1713 3700 1928 3763 potato,
1966 3693 2169 3747 sicome
2205 3710 2312 3746 non
2350 3693 2425 3746 ha
2460 3699 2656 3762 potuto
2693 3698 2907 3745 ottener
2942 3689 2996 3743 di
3036 3689 3201 3743 havet
3246 3704 3344 3757 per

677 3789 931 3837 consorte
970 3782 1023 3836 la
1059 3781 1278 3837 Infante
1326 3782 1382 3835 di
1420 3782 1673 3853 Spagna‚
1721 3783 1853 3853 qual
1890 3783 2071 3847 volea,
2121 3801 2223 3837 con
2263 3781 2486 3836 Milano.
2560 3776 2769 3850 impero
2815 3779 2867 3833 le
2903 3795 3030 3833 cose
3067 3794 3172 3832 non
3210 3792 3343 3831 sono

675 3872 980 3941 desperate,
1020 3872 1224 3926 sicome
1260 3872 1509 3926 ncanche
1546 3888 1679 3925 sono
1716 3871 1823 3925 ben
1863 3872 2138 3927 concluse.
2211 3871 2457 3926 fratanto
2494 3870 2541 3924 si
2577 3865 2786 3940 gedera
2823 3868 2912 3922 del
2950 3865 3217 3922 beneficio
3253 3866 3340 3920 dcl

674 3968 876 4031 tempo.
934 3960 1191 4030 Florem,
1219 3960 1383 4016 Carte
1412 3960 1621 4016 Cei-vin.
1663 3958 1793 4015 filza
1823 3963 1908 4021 15.
1936 3963 2005 4016 47
2049 3962 2198 4030 Oriy.
2237 3961 2438 4030 (praes.
2478 3964 2538 4013 11
2566 3959 2735 4028 Mai).
2801 3958 3115 4027 [Jonyekehrt
3151 3956 3343 4010 meldet

675 4067 768 4104 am
800 4051 1044 4118 qleichen
1085 4052 1227 4120 Taya
1266 4050 1364 4104 der
1400 4050 1656 4104 Nuntius
1692 4050 1756 4104 in
1791 4051 2138 4105 Fiankreich
2173 4051 2260 4116 (in
2297 4050 2395 4104 dev·
2429 4050 2595 4104 sehon
2630 4047 2999 4118 anyesschrten
3043 4045 3342 4114 Depesche)
3359 4048 3432 4102 35

675 4138 982 4209 allerdinys
1017 4156 1132 4194 nur
1168 4140 1253 4194 als
1286 4139 1555 4194 Ger-steht.-
1593 4140 1641 4193 si
1678 4157 1919 4210 pensava
1962 4139 2065 4194 che
2094 4140 2147 4193 18
2175 4135 2412 4207 [Maesta
2440 4136 2694 4206 Cesarea]
2720 4137 2862 4191 faria
2887 4136 3019 4207 ogni
3056 4134 3344 4206 diligentia

676 4227 938 4298 possibile
972 4245 1073 4298 per
1108 4228 1372 4283 condurlo
1409 4227 1708 4299 [Orleans]
1745 4246 1872 4283 seco
1908 4228 2021 4282 alla
2056 4229 2235 4296 dieta,
2281 4229 2384 4283 che
2428 4227 2483 4280 di
2523 4245 2635 4298 qua
2683 4244 2788 4281 non
2842 4226 2914 4279 mi
2952 4240 3086 4296 pare
3121 4224 3224 4279 che
3260 4224 3343 4277 sia

675 4324 891 4371 trovato
928 4318 1096 4371 moito
1133 4334 1168 4371 a
1204 4318 1502 4389 proposito.
1576 4319 1652 4372 In
1690 4318 1809 4373 dem
1844 4319 2157 4372 mimlichen
2194 4318 2421 4372 Ber-ioht
2456 4313 2613 4385 hetsst
2663 4332 2716 4371 es
2751 4316 2974 4370 vorher:
3025 4313 3343 4383 Monsignor

674 4407 730 4460 di
770 4405 999 4461 Orlcans
1048 4407 1097 4461 ci
1151 4403 1182 4460 e
1233 4423 1375 4461 nova
1425 4407 1528 4462 che
1578 4405 1757 4461 ari-ivo
1808 4407 1919 4461 8118
1968 4416 2119 4462 corte
2168 4408 2226 4461 di
2276 4407 2390 4462 Sua
2427 4402 2643 4460 Maesta
2678 4406 2733 4459 in
2775 4409 3022 4459 Anversa
3057 4411 3113 4458 et
3150 4404 3253 4458 che
3289 4404 3343 4457 la

676 4497 824 4550 ciera
860 4503 917 4550 et
952 4496 1367 4551 demostrationi
1404 4496 1621 4567 fattegli
1660 4496 1733 4550 da
1769 4496 1956 4567 quella
2004 4493 2118 4551 cosi
2170 4497 2226 4550 in
2276 4496 2602 4568 alloggiarlo
2649 4504 2847 4550 acanto
2895 4495 2953 4548 di
2998 4510 3057 4548 se
3094 4509 3247 4548 come
3285 4492 3430 4548 11140

674 4587 802 4656 ogni
840 4586 985 4641 altra
1019 4603 1151 4641 cosa
1186 4602 1293 4640 non
1331 4586 1583 4656 petriano
1621 4602 1801 4640 essere
1837 4586 2125 4657 maggiori.
2203 4576 2343 4640 Uber
2383 4585 2632 4640 Orleane'
2672 4584 2865 4653 Abzuy
2910 4600 2952 4638 s.
2991 4602 3047 4637 u.
3087 4585 3247 4637 Ama.
3287 4585 3337 4635 4.

818 4674 860 4742 ¹)
909 4674 1022 4744 qu.
1062 4675 1295 4746 Papiers
1331 4675 1508 4729 d’e'tat
1545 4675 1655 4729 ΙΠ
1680 4693 1736 4745 p.
1776 4679 1892 4730 123.
1931 4679 2046 4729 131.

820 4762 860 4830 ⁸)
909 4764 1024 4833 Vyl.
1061 4766 1196 4819 oben
1235 4765 1397 4818 Anm.
1434 4769 1480 4818 1.
1728 4778 1733 4784 ·

816 4851 858 4923 ⁴)
897 4851 1010 4907 Sua
1045 4853 1281 4908 Cesarea
1316 4849 1560 4922 Maesta,
1608 4853 1840 4908 schreibt
1895 4853 2110 4908 Verane
2156 4854 2495 4923 ykiehzeitiy
2544 4870 2623 4906 cm
2661 4852 3007 4921 Miynanello
3058 4853 3120 4917 (s.
3161 4850 3338 4916 oben),
