3859 5575
1468 483 1567 539 No,
1604 484 1700 539 52:
1740 484 1878 539 1545
1915 484 2128 553 August
2161 487 2213 539 3.
3065 483 3174 543 269

506 703 692 767 presa
737 680 1015 767 supplire
1062 703 1101 744 a
1146 679 1301 746 dare
1347 681 1430 746 da
1475 686 1656 767 parte
1699 680 1766 744 di
1811 681 1944 747 Sua
1989 680 2237 747 Santita
2281 683 2429 767 ogni
2476 682 2692 747 favore
2738 690 2801 747 et
2844 684 3017 747 aiuto
3055 681 3171 747 che
3248 687 3385 738 1545

506 811 621 875 per
663 786 745 852 lei
791 788 841 852 si
888 795 1134 875 potesse
1179 788 1263 852 ad
1310 788 1443 853 Sua
1487 786 1760 853 Cesarea
1790 787 2053 872 Maesta,
2100 796 2163 854 et
2210 787 2326 853 6116
2372 796 2589 876 queste
2628 790 2970 875 provisioni
3004 788 3172 854 vole·
3210 756 3354 824 ‘4²¹9'
3384 761 3420 809 3

508 917 673 960 vano
719 918 891 960 esser
936 917 1114 981 prese
1162 918 1274 982 per
1318 919 1443 961 non
1489 894 1784 983 perdere,
1845 894 1944 960 col
2004 902 2212 983 tempo
2272 894 2373 961 del
2422 896 2695 961 scrivere
2740 904 2804 960 et
2848 897 3051 961 andar
3096 899 3173 962 sii

506 1011 570 1068 et
599 1003 730 1088 gis,
776 1001 837 1067 la
882 1004 1210 1067 occasione
1254 1003 1320 1068 di
1366 1011 1550 1089 poter
1594 1003 1693 1067 far
1738 1002 1885 1067 delli
1930 1003 2139 1068 effetti.
2232 1003 2314 1068 ad
2364 1013 2585 1091 questo
2627 1002 2672 1068 li
2708 1005 2860 1069 dissi
2894 1004 3009 1070 che
3041 1005 3173 1071 Sua

452 1108 755 1175 5861111111
799 1131 923 1174 11011
968 1107 1292 1175 havrebbe
1337 1110 1463 1174 mai
1510 1117 1837 1193 mancata,
1894 1109 2057 1175 dove
2105 1111 2364 1176 vedesse
2420 1110 2463 1176 11
2512 1110 2818 1178 beneficio
2864 1120 2927 1177 et
2973 1112 3172 1177 salute

507 1215 783 1304 publica,
829 1224 892 1281 61
938 1216 1054 1282 6116
1086 1238 1354 1303 speravo
1401 1218 1515 1283 che
1559 1219 1922 1304 monsignor
1968 1217 2313 1284 d'Andalot
2357 1241 2437 1284 ne
2484 1228 2768 1306 portasse
2811 1221 3172 1308 provisione

507 1324 569 1389 al
615 1347 727 1389 suo
773 1320 1067 1389 ritorno.'

685 1431 1005 1497 Starremo
1072 1428 1229 1495 hora
1295 1430 1378 1496 ad
1447 1437 1728 1518 aspettar
1801 1430 1864 1496 la
1932 1440 2219 1520 resposta
2286 1440 2348 1498 et
2416 1456 2482 1498 se
2549 1432 2709 1499 altro
2779 1436 2969 1499 vorra
3034 1434 3172 1499 dire

508 1538 641 1604 Sua
686 1538 960 1604 Cesarea
1004 1538 1282 1619 Maesta,
1330 1536 1575 1604 benche
1633 1562 1885 1626 appena
1944 1539 2133 1606 credo
2181 1563 2247 1606 se
2290 1540 2465 1606 dirra
2508 1539 2669 1606 altro
2681 1525 2718 1625 ,‘
2745 1540 2979 1628 perche
3024 1565 3170 1629 par-

422 1657 489 1711 10
507 1645 779 1711 landone
843 1669 965 1712 con
1025 1646 1069 1711 il
1116 1646 1300 1713 Ser¹¹¹⁰
1347 1669 1417 1711 re
1474 1646 1554 1712 de
1614 1646 1883 1712 Romani
1941 1648 2007 1711 in
2061 1648 2266 1713 forma
2321 1648 2387 1713 di
2442 1649 2662 1732 visita,
2723 1650 2810 1713 mi
2867 1648 3169 1715 confirmo

506 1751 622 1817 6116
690 1755 822 1818 Sua
890 1753 1160 1820 Cesarea
1229 1753 1476 1819 Maesta
1546 1755 1599 1819 si
1669 1762 2053 1820 contentava
2119 1754 2276 1820 che'l
2346 1757 2611 1822 concilio
2681 1758 2733 1821 si
2802 1757 3041 1844 aprisse
3108 1757 3168 1821 al

504 1862 817 1948 principio
886 1861 949 1926 di
1011 1860 1380 1944 settembre,
1448 1870 1512 1927 et
1581 1860 1683 1927 nel
1750 1872 1915 1928 resto
1976 1863 2148 1929 volse
2215 1885 2415 1928 611601
2473 1863 2606 1929 Sua
2666 1864 2863 1950 Regia
2924 1863 3169 1929 Maesta
3204 1875 3324 1944 Spt.

505 1968 811 2033 satisfarsi
857 1991 1053 2035 meco.
1941 1966 1944 1969 ¹

684 2076 1011 2142 Ritornato
1082 2076 1316 2164 doppoi
1384 2076 1469 2142 da
1536 2078 1903 2163 monsignor
1958 2078 2025 2143 di
2083 2076 2410 2145 Granvela
2468 2101 2583 2166 per
2642 2077 2869 2143 vedere
2928 2080 2980 2142 si
3039 2078 3172 2143 Sua

419 2195 487 2248 15
506 2184 779 2249 Cesarea
838 2183 1083 2249 Maesta
1144 2183 1394 2250 haveva
1452 2184 1538 2249 da
1596 2183 1893 2250 risolvere
1954 2184 2150 2265 altro,
2219 2208 2320 2251 me
2390 2185 2554 2251 disse
2621 2186 2828 2272 primo
2898 2184 2962 2249 di
3023 2208 3168 2269 non,

504 2291 733 2379 perche
779 2292 869 2357 lui
913 2292 1020 2379 gia
1064 2291 1107 2357 li
1153 2290 1359 2357 havea
1403 2291 1666 2379 parlato,
1721 2292 1980 2379 quando
2025 2293 2087 2357 io
2134 2293 2224 2358 sui
2271 2315 2414 2358 seco
2460 2291 2524 2357 la
2568 2294 2773 2380 prima
2818 2292 3009 2372 volta,
3065 2315 3170 2357 ma

503 2398 619 2464 6116
663 2398 746 2464 ad
793 2398 1043 2465 cautela
1086 2422 1167 2464 ne
1213 2398 1549 2486 riparlaria
1592 2423 1712 2465 con
1759 2399 1893 2465 Sua
1939 2401 2198 2466 Maesta.
2290 2401 2531 2488 impero
2584 2401 2673 2464 mi
2718 2400 2854 2465 fece
2896 2401 3171 2465 ritornar

503 2506 587 2571 da
631 2530 699 2572 se
744 2506 934 2572 1110116
985 2506 1148 2573 volte
1194 2515 1257 2572 61
1301 2508 1363 2572 61
1407 2508 1532 2573 fine
1578 2509 1665 2572 mi
1711 2509 1944 2573 mando
1989 2508 2074 2573 ad
2119 2508 2255 2574 dire
2301 2508 2416 2573 che
2459 2509 2520 2572 io
2568 2507 2868 2572 scrivcsse
2914 2506 3030 2572 6116
3061 2504 3170 2572 dal

503 2622 689 2680 canto
751 2638 864 2681 suo
925 2616 976 2679 si
1024 2615 1219 2680 sarria
1264 2616 1541 2685 scrivere
1585 2614 1632 2679 li
1679 2614 1802 2681 allo
1861 2614 2348 2699 ambasciatore,
2397 2615 2513 2681 che
2557 2614 2911 2679 declarasse
2956 2636 2996 2678 a
3042 2612 3169 2679 Sua

415 2721 754 2789 2086111116
796 2721 859 2787 16
904 2730 1113 2789 11161116
1160 2722 1223 2787 di
1271 2722 1402 2790 Sua
1447 2723 1719 2791 Cesarea
1764 2723 2024 2790 Maesta.
2116 2723 2279 2790 onde
2344 2725 2404 2790 io
2462 2746 2577 2812 per
2634 2744 2762 2786 non
2810 2720 2985 2785 voler
3029 2743 3166 2809 per-

502 2830 652 2896 dere
698 2830 764 2895 di
810 2831 1078 2898 mandar
1122 2855 1235 2920 per
1280 2841 1500 2920 questo
1546 2833 1882 2919 despaccio
1931 2832 1988 2897 16
2032 2834 2339 2920 presenti,
2399 2855 2524 2897 non
2571 2831 2652 2896 ho
2699 2833 2809 2918 11111
2858 2837 3165 2918 6611611610

504 2960 619 3002 6116
672 2947 985 3026 166110616,
1057 2940 1326 3005 tenendo
1395 2963 1510 3027 per
1578 2963 1726 3005 cosa
1780 2940 1981 3005 ferma
2039 2940 2154 3005 che
2217 2939 2349 3006 Sua
2407 2939 2679 3005 Cesarea
2735 2938 2980 3003 Maesta
3040 2962 3164 3003 non

502 3047 778 3110 mutaria
823 3047 993 3111 circa
1053 3056 1271 3134 questo
1329 3047 1726 3130 altramente,
1787 3047 2266 3113 havendomello
2332 3050 2610 3112 maxime
2671 3047 3040 3112 confirmato
3101 3046 3166 3110 la

505 3152 748 3217 Maesta
804 3152 905 3218 del
962 3175 1029 3218 re
1074 3154 1139 3219 di
1186 3155 1458 3220 Romani
1503 3154 1546 3219 il
1590 3156 1812 3241 giorno
1859 3157 2076 3219 avanti
2123 3154 2237 3220 6116
2282 3156 2550 3241 116111666
2596 3154 2675 3219 de
2721 3156 2829 3241 qui
2864 3159 2944 3237 ¹),
3003 3160 3066 3218 et
3122 3154 3165 3218 il
3202 3166 3326 3220 Jult'
3345 3170 3417 3218 29

413 3265 482 3319 25
503 3261 686 3346 110116
731 3260 1009 3326 anchora
1039 3261 1114 3327 V.
1149 3261 1297 3327 Illm·
1338 3263 1401 3328 S.
1453 3271 1628 3328 tener
1673 3286 1787 3349 per
1831 3285 1981 3328 cosa
2025 3270 2199 3327 certa
2243 3270 2305 3327 61
2350 3263 2699 3327 servirsene
2731 3283 2907 3326 come
2938 3259 3166 3346 meglio

499 3366 558 3431 le
605 3369 825 3433 venira
868 3368 951 3433 ad
998 3372 1333 3456 proposito,
1425 3371 1489 3434 in
1550 3393 1702 3435 vero
1758 3371 1822 3435 in
1882 3378 2103 3458 questo
2161 3369 2381 3435 ultimo
2438 3370 2802 3454 monsignor
2849 3368 2912 3433 di
2960 3368 3164 3434 Gran·

502 3475 644 3541 vela
689 3477 725 3540 6
771 3484 934 3542 61610
982 3484 1289 3563 0661111610
1336 3476 1452 3543 6116
1499 3478 1535 3543 ὸ
1581 3479 1761 3565 quasi
1807 3479 1992 3544 fuora
2036 3478 2101 3542 di
2149 3503 2245 3562 se,
2305 3477 2420 3543 che
2479 3479 2532 3542 si
2586 3477 2745 3542 deve
2805 3476 3002 3541 haver
3053 3498 3168 3562 per

500 3591 803 3649 escusato.

680 3690 826 3756 Non
872 3691 1032 3757 duro
1078 3690 1273 3756 molto
1319 3691 1708 3778 l'allegrezze
1754 3693 1918 3759 della
1964 3717 2132 3759 nova
2176 3693 2276 3758 del
2322 3701 2505 3781 parto
2552 3692 2654 3758 dcl
2700 3693 3052 3779 principino
3099 3690 3163 3754 di

410 3800 788 3886 3OSpagna,
845 3798 1079 3886 perche
1137 3797 1243 3864 alli
1302 3811 1386 3867 30
1441 3799 1543 3865 del
1604 3809 1856 3887 passato
1918 3824 2125 3866 venne
2184 3800 2248 3866 la
2307 3824 2476 3866 nova
2535 3799 2699 3866 della
2755 3807 2956 3864 morte
3001 3797 3166 3863 della
3201 3809 3325 3862 ‚Iuli
3345 3813 3419 3862 30

498 3908 924 3993 principessa,
988 3906 1154 3971 della
1213 3905 1398 3994 quale
1445 3906 1578 3972 Sua
1624 3907 1896 3973 Cesarea
1942 3908 2189 3974 Maesta
2246 3908 2331 3973 ha
2373 3909 2530 3974 fatto
2574 3931 2735 3994 gran
2779 3907 3161 3972 demonstra-

497 4016 665 4080 tione
708 4022 772 4080 et
818 4037 1047 4081 venere
1094 4014 1294 4080 uditte
1341 4014 1471 4080 Sua
1517 4015 1763 4082 Maesta
1806 4016 1911 4081 doi
1957 4038 2156 4081 messe
2202 4018 2448 4104 private
2496 4024 2557 4082 et
2609 4024 2703 4081 tre
2750 4014 3049 4096 cantade,
3105 4021 3167 4078 et
3203 4023 3326 4078 Jult'
3347 4027 3414 4076 31

496 4120 737 4187 riserbo
785 4122 847 4186 di
895 4122 995 4186 far
1040 4120 1350 4209 l'exequie
1395 4122 1632 4187 solenni
1678 4125 1743 4187 in
1791 4122 2137 4188 Brusselles
2163 4127 2235 4212 ²).

643 4354 682 4422 ¹)
728 4343 866 4410 Uber
904 4355 1262 4410 Ferdinands
1297 4355 1523 4410 Abreise
1560 4373 1665 4410 aus
1712 4356 1925 4411 lVorms
1960 4374 2001 4411 6.
2040 4375 2095 4411 u.
2136 4357 2239 4412 das
2277 4357 2602 4426 Postskript.

407 4436 479 4490 35
641 4442 682 4511 ²)
731 4444 844 4514 Vyl.
875 4445 982 4500 den
1009 4462 1385 4515 anyezoqenen
1405 4446 1635 4500 Bericht
1663 4445 1763 4499 der
1782 4446 2040 4500 Nuntien
2067 4464 2144 4500 cm
2172 4446 2264 4500 die
2284 4447 2732 4516 Konzilsleqaten
2750 4464 2867 4502 vom
2891 4452 2920 4501 1
2942 4449 3166 4516 Auyust

495 4532 639 4597 (und
676 4534 994 4589 Massarclli
1045 4536 1129 4590 bei
1167 4535 1462 4606 Dollinqer
1506 4535 1558 4590 S.
1597 4540 1670 4590 98
1706 4553 1761 4590 u,
1803 4538 1969 4604 100),·
2017 4536 2311 4606 Navaqero
2360 4536 2481 4591 und
2531 4538 2812 4592 Marosini
2863 4541 2892 4590 1
2928 4538 3162 4605 Augu-st.

497 4622 663 4676 Nach
697 4624 870 4678 einem
905 4628 1156 4694 spateren
1191 4625 1420 4681 Bericht
1455 4626 1779 4695 Navayeros
1813 4626 1954 4692 (vom
1991 4628 2059 4679 16
2091 4626 2422 4696 September,
2471 4644 2511 4681 3.
2551 4626 2603 4681 d.
2642 4628 2961 4696 Beizaqen),
3012 4625 3166 4680 hatte

499 4710 676 4764 dieser
720 4712 996 4778 Todesfall
1032 4714 1120 4768 die
1156 4715 1360 4786 Folye,
1400 4712 1520 4784 dast
1558 4716 1657 4770 der
1703 4715 1867 4770 Vater
1904 4717 2002 4770 der
2040 4716 2386 4785 Prinzessin,
2431 4717 2620 4786 Ko'm'q
2657 4715 2884 4771 Johann
2919 4715 3034 4769 III
3059 4733 3166 4770 von

501 4799 787 4869 Portuyal,
827 4801 923 4856 der
960 4803 1023 4856 in
1059 4803 1177 4859 dem
1223 4805 1468 4874 Unyltick
1504 4805 1623 4859 eine
1659 4804 1846 4870 Strase
1884 4805 1979 4860 (166
2015 4805 2283 4860 Himmels
2317 4806 2443 4873 sah,
2482 4806 2572 4861 die
2609 4806 2788 4861 bisher
2824 4807 3165 4876 verweiyerte

407 4887 817 4960 4OZulassun9
851 4892 998 4947 eines
1030 4894 1379 4962 papstlichen
1416 4895 1675 4949 Nuntius
1710 4895 1982 4949 nunmehr
2013 4900 2316 4964 qestattete.
