3859 5575
1344 472 1444 540 No.
1490 474 1794 540 138—139:
1834 474 1973 539 1546
2010 474 2160 555 April
2196 484 2354 540 3-8.
3077 470 3182 544 601

514 680 729 744 661106
772 703 1104 765 germana,
1163 679 1327 746 della
1373 681 1520 768 qual
1566 704 1694 746 non
1753 704 1937 746 cerca
1994 703 2060 745 se
2120 703 2247 746 non
2295 680 2602 746 catholica
2647 682 2856 768 quiete
2914 689 2976 746 et
3034 703 3180 746 con·
3251 684 3409 772 1546,

515 787 866 851 servatione
912 786 1015 852 del
1061 810 1174 852 suo
1220 789 1483 874 imperio
1530 811 1645 875 per
1689 788 1892 853 honor
1946 789 2010 853 di
2058 787 2308 853 Christo
2321 839 2338 872 ,
2384 787 2604 872 laude,
2668 787 2817 853 utile
2877 796 2940 853 et
2984 811 3179 873 augu-
3219 754 3359 821 Apr.
3388 758 3425 805 3

514 895 898 959 mentatione
943 895 1142 960 d'esso
1189 895 1354 960 duca
1401 905 1464 961 et
1508 896 1840 961 diffension
1886 904 1950 962 et
1992 897 2343 983 protection
2388 896 2468 961 (16
2526 896 2569 960 11
2615 895 2760 960 61111
2820 894 3014 960 buoni
3062 894 3183 959 Ca—

512 1001 744 1082 tholici,
792 1001 1241 1087 amplificando
1289 1004 1752 1089 copiosamente
1811 1002 1874 1068 la
1938 1026 2098 1089 gran
2161 1003 2541 1069 confidentia
2601 1002 2715 1068 che
2762 1002 2892 1068 Sua
2938 1002 3185 1067 8661116

460 1107 597 1175 5116
640 1108 708 1172 16
752 1108 815 1172 16
859 1109 1196 1196 prudentia
1240 1117 1303 1175 61
1348 1112 1703 1176 6066166116
1748 1111 1813 1175 (11
1858 1133 1996 1176 6660
2043 1111 2228 1176 duca.

689 1216 1052 1282 Parimente
1096 1218 1264 1282 sacci
1320 1219 1592 1284 scrivere
1639 1218 1717 1282 V.
1765 1218 1827 1283 S.
1876 1218 2005 1282 Rm
2062 1217 2185 1284 allo
2246 1218 2491 1283 dottore
2539 1217 2874 1283 Leonardo
2921 1216 3182 1300 Ecchi0‚

511 1322 696 1408 quale
742 1323 777 1387 6
825 1346 977 1389 vero
1024 1326 1257 1390 timone
1305 1334 1368 1390 et
1411 1326 1538 1412 pub
1584 1325 1718 1390 fare
1765 1324 1926 1391 bene
1973 1334 2035 1390 61
2079 1326 2245 1390 111616
2291 1348 2405 1412 per
2448 1324 2766 1390 l’autorita
2810 1348 2957 1406 sua,
3007 1332 3070 1389 et
3114 1347 3182 1389 so

511 1429 625 1494 che
673 1430 979 1496 Luterani
1039 1431 1124 1517 gli
1189 1431 1400 1497 116660
1463 1456 1674 1519 spesse
1730 1432 1900 1498 volte
1962 1433 2180 1498 offerto
2228 1455 2356 1498 non
2402 1454 2564 1519 poca
2610 1454 2887 1516 summa,
2948 1439 3011 1497 et
3055 1431 3182 1496 Dio

510 1535 720 1622 voglia
765 1538 882 1603 che
929 1538 1098 1603 dalla
1145 1537 1357 1606 banda
1403 1549 1618 1605 nostra
1664 1542 1755 1606 sia
1804 1540 2101 1606 talmente
2145 1542 2528 1605 intertenuto
2575 1539 2690 1605 cho
2750 1562 2877 1604 non
2938 1541 2989 1604 si
3037 1538 3181 1604 lassi

421 1659 490 1712 10
511 1642 752 1709 voltare
798 1645 969 1710 dalla
1015 1669 1130 1712 sua
1175 1650 1544 1714 constantia.
1636 1651 1702 1712 in
1750 1648 1988 1732 effettn,
2051 1670 2169 1713 con
2217 1648 2690 1735 supportatione
2737 1647 2804 1711 di
2852 1646 2927 1713 V.
2961 1647 3021 1712 S.
3054 1646 3183 1710 ΒΜ

508 1759 571 1816 61
615 1775 733 1817 606
778 1754 1149 1838 riverentia,
1209 1755 1351 1821 dico
1411 1755 1528 1820 che
1574 1755 1658 1820 da
1704 1763 1924 1842 questa
1972 1755 2139 1820 dieta
2185 1755 2474 1841 depende
2532 1761 2693 1819 111110
2758 1753 2801 1818 11
2858 1763 3056 1836 16610,
3119 1759 3182 1816 61

509 1859 787 1924 credami
834 1862 910 1925 V.
960 1862 1022 1929 S.
1072 1863 1201 1927 Rm
1248 1863 1363 1928 che
1408 1885 1473 1928 se
1520 1865 1573 1927 si
1619 1863 1812 1948 perde
1872 1871 2092 1950 questa
2138 1864 2503 1945 occasione,
2563 1862 2679 1926 6116
2724 1869 2951 1947 troppo
3000 1860 3179 1925 tardo

509 1967 560 2030 si
607 1970 799 2032 vorra
844 1970 948 2055 poi
993 1970 1351 2054 rimediare‚
1398 1970 1629 2057 perche
1677 1977 1898 2057 questa
1946 1992 2093 2035 cosa
2139 1972 2400 2056 passara
2444 1971 2556 2056 pin
2611 1968 2801 2051 oltra,
2858 1975 2921 2033 61
2976 1969 3084 2054 gia
3129 1969 3180 2032 si

508 2097 580 2137 sa
625 2082 863 2160 quanto
910 2077 1085 2140 siano
1132 2078 1377 2143 curiose
1437 2077 1496 2142 le
1556 2076 1710 2142 altre
1770 2078 2014 2142 nationi
2070 2076 2150 2141 (16
2195 2075 2728 2158 11616616666160,
2788 2084 2851 2141 61
2909 2075 2990 2141 110
3048 2086 3177 2141 661-

378 2254 385 2263 ,
420 2194 487 2247 15
507 2183 727 2245 tissimi
775 2183 935 2246 avisi
982 2182 1108 2248 fino
1155 2185 1218 2248 di
1253 2184 1556 2270 Ungaria,
1604 2182 1718 2249 che
1763 2182 1809 2247 il
1855 2184 2017 2248 frate
2057 2183 2333 2269 Georgio
2381 2183 2446 2247 di
2480 2182 2949 2270 Transylvania
2996 2206 3180 2249 cerea

507 2286 569 2351 di
636 2289 1032 2354 intertenersi
1093 2290 1440 2356 Lutherani
1499 2299 1563 2355 61
1606 2289 1690 2355 116
1750 2290 2051 2355 mandato
2113 2289 2559 2355 imbasciatore
2604 2313 2644 2354 6
2688 2290 3019 2375 langravio
3038 2341 3055 2374 ,
3116 2289 3177 2355 al

507 2394 693 2480 quale
738 2403 801 2460 et
843 2395 907 2461 al
953 2407 1137 2463 conte
1184 2396 1473 2462 Palatino
1535 2397 1618 2461 ha
1662 2398 1818 2463 fatto
1864 2420 2026 2483 gran
2084 2399 2358 2483 presenti
2417 2397 2497 2462 de
2557 2395 2788 2461 cavalli
2849 2397 3054 2462 turchi
3116 2407 3180 2462 et

506 2501 663 2567 altre
709 2526 872 2571 cose.
975 2504 1020 2568 il
1067 2504 1266 2569 simile
1324 2504 1534 2569 hanno
1593 2505 1750 2569 fatto
1807 2504 1851 2569 li
1899 2503 2251 2570 Lutherani
2310 2527 2350 2569 a
2395 2504 2516 2585 lui,
2577 2511 2640 2568 61
2698 2527 2766 2569 60
2825 2506 3177 2591 parimente

508 2608 622 2674 che
682 2611 746 2674 in
796 2611 1085 2697 Ungaria
1143 2620 1205 2676 et
1260 2611 1729 2698 Transylvania
1773 2612 2242 2698 publicamente
2288 2612 2342 2676 si
2388 2611 2650 2697 predica
2693 2611 3057 2696 lutheranO,
3116 2620 3179 2676 et

384 2730 487 2783 ⁷20
508 2725 727 2803 questo
789 2740 1034 2782 veneno
1094 2719 1147 2781 si
1207 2717 1403 2783 dilata
1461 2717 1758 2784 talmente
1818 2718 1934 2784 6116
1993 2721 2191 2785 616160
2249 2720 2472 2784 forzati
2529 2742 2644 2807 per
2700 2721 3177 2785 conservatione

506 2823 609 2888 del
654 2824 855 2890 honor
901 2827 967 2891 di
1016 2827 1138 2892 Dio
1185 2828 1284 2892 sar
1329 2827 1480 2912 ogni
1525 2849 1672 2891 cosa
1717 2835 1780 2891 et
1822 2850 1950 2892 606
1996 2849 2383 2915 sparagnare
2440 2828 2522 2892 66
2579 2827 2775 2892 fatica
2820 2828 2900 2891 66
2945 2827 3176 2910 dinari,

507 2953 572 2994 se
617 2955 744 2997 non
791 2934 1036 2998 volemo
1084 2935 1311 3020 perder
1357 2941 1518 2999 tutto
1564 2934 1609 2998 il
1653 2935 1857 2999 resto!
1949 2935 2007 2999 le
2053 2933 2203 3022 qual
2248 2957 2422 3018 cose,
2480 2933 2723 2999 11666116
2781 2934 2842 2999 10
2890 2938 3172 3020 pensassi

506 3039 779 3103 scrivere
826 3039 1019 3105 breve
1063 3041 1108 3104 il
1138 3041 1380 3126 grande
1412 3048 1475 3105 61
1503 3048 1790 3105 extremo
1837 3040 2121 3127 bisogno,
2168 3043 2254 3105 mi
2288 3041 2371 3106 ha
2414 3041 2570 3106 fatto
2616 3063 2784 3106 esser
2821 3044 2934 3128 pin
2968 3040 3175 3126 long-0,

505 3167 632 3208 non
678 3144 838 3210 ch'io
892 3145 1098 3211 dubiti
1155 3146 1271 3211 che
1318 3147 1396 3211 V.
1443 3146 1504 3212 S.
1551 3147 1681 3211 ΒΜ
1726 3169 1852 3212 606
1901 3147 2200 3213 conoschi
2243 3147 2303 3212 le
2349 3170 2493 3212 cose
2554 3146 2782 3233 meglio
2830 3147 2945 3212 che
2991 3149 3052 3213 io
3111 3157 3176 3214 et

415 3265 487 3319 25
507 3250 743 3315 habbia
791 3275 984 3317 66601
1030 3255 1240 3318 661160
1287 3254 1394 3318 6111
1439 3254 1704 3338 rimedii,
1751 3277 1856 3319 ma
1894 3255 2152 3320 66106116
2194 3277 2462 3320 6060666
2510 3255 2712 3320 666116
2756 3255 3007 3320 1’661160
3048 3258 3174 3322 1610

503 3365 567 3423 61
611 3361 780 3444 possi
828 3367 1001 3425 tanto
1048 3359 1277 3447 meglio
1325 3371 1499 3427 tener
1545 3384 1733 3426 mano
1780 3385 1895 3449 per
1940 3384 2265 3428 occorrere
2310 3386 2350 3426 a
2397 3364 2601 3448 questi
2646 3363 2919 3449 pericoli.

686 3465 823 3531 Con
870 3476 1091 3555 questa
1138 3468 1353 3534 bascio
1414 3468 1472 3534 le
1518 3471 1691 3534 mani
1736 3492 1776 3533 a
1826 3470 1898 3535 V.
1950 3469 2010 3534 S.
2056 3468 2206 3533 Illma
2252 3480 2314 3534 et
2359 3470 2514 3552 ΒΜ,
2573 3469 2980 3535 1161611166616
3033 3495 3173 3558 pre-

502 3572 778 3658 gandola
835 3576 900 3639 di
960 3575 1159 3641 haver
1215 3599 1328 3663 per
1386 3576 1884 3642 raccomandata
1942 3584 2166 3664 questa
2220 3600 2459 3663 povera
2503 3577 2852 3644 Germania
2908 3586 2971 3643 61
3026 3601 3171 3643 con—

503 3680 780 3745 siderare
824 3682 940 3747 che
987 3683 1070 3748 da
1114 3684 1177 3748 la
1222 3683 1645 3770 dependentia
1689 3683 1755 3748 di
1814 3691 2037 3772 questa
2096 3684 2367 3749 consiste
2425 3684 2470 3748 il
2516 3692 2681 3749 resto
2742 3685 2806 3750 di
2863 3683 2926 3749 la
2971 3684 3170 3750 salute

415 3801 485 3854 30
504 3788 818 3853 cristiana.

680 3897 785 3962 Da
832 3897 1086 3983 Tilinga
1131 3897 1239 3962 alli
1286 3907 1324 3966 3
1372 3897 1635 3985 d'aprile
1685 3908 1873 3967 1546.
3206 3910 3347 3979 Apr.
3377 3914 3414 3965 3

504 4109 660 4178 139.
736 4112 1077 4177 Kardinal
1124 4113 1262 4178 Otto
1315 4114 1632 4196 Truchsffl
1689 4136 1807 4179 von
1853 4114 2189 4197 Auysbury
2244 4135 2333 4178 an
2379 4113 2696 4179 Fam-ese:
2757 4114 3166 4181 Zusammen-
3206 4125 3345 4194 Apr.
3374 4129 3413 4179 8

500 4219 722 4298 treffen
766 4221 881 4283 mit
927 4220 1064 4285 dem
1112 4220 1357 4285 Kaiser
1399 4222 1540 4286 und
1591 4221 1935 4286 Granvella
1993 4223 2064 4285 in
2112 4221 2576 4299 Donauwo'rth,
2638 4223 2743 4286 die
2787 4224 2902 4287 ilm
2946 4225 3167 4306 beauf-

501 4329 757 4406 trayton,
807 4328 887 4391 H
882 4348 1055 4409 erzoq
1102 4326 1398 4393 Willwlm
1443 4351 1561 4393 von
1607 4329 1863 4394 Baiern
1908 4329 2344 4411 aufzusuchen
2387 4328 2525 4393 und
2567 4330 2730 4393 nach
2768 4331 3168 4414 Reqensbury

410 4442 481 4495 35
498 4453 581 4497 zu
638 4433 933 4515 brinqem
1000 4433 1260 4516 Klayen
1326 4435 1433 4499 des
1490 4435 1767 4501 Kaisers
1834 4437 1989 4501 iiber
2049 4435 2568 4518 Zuriickhaltunq
2626 4437 2731 4501 des
2789 4437 2998 4503 Breve
3057 4439 3172 4503 der-

498 4540 886 4623 vassallayyi
932 4563 1021 4605 an
1065 4542 1173 4605 cler
1218 4542 1464 4622 Kurie,·
1529 4544 1884 4609 Granvella
1944 4543 2224 4610 wilnscht
2239 4595 2253 4620 ,
2313 4545 2449 4626 daso'
2504 4543 2740 4609 letztere
2799 4547 3168 4628 weniystens

500 4649 681 4712 elnen
729 4647 869 4712 Tea
912 4648 1051 4713 dem
1099 4648 1345 4714 Kaiser
1403 4649 1591 4714 sehon
1635 4653 1796 4734 jetzt
1845 4674 1927 4718 zu
1987 4652 2108 4717 den
2156 4651 2535 4734 Rizstunyen
2579 4651 2891 4734 bewilliye.
2985 4652 3165 4717 Kar-

500 4755 683 4818 dinal
726 4755 891 4834 hefft,
938 4756 1049 4821 der
1093 4754 1303 4838 Papst
1346 4758 1549 4822 werde
1594 4760 1711 4822 das
1742 4759 2053 4842 Mo‘qliche
2098 4759 2272 4824 than.
2365 4759 2645 4824 Erneute
2683 4760 3030 4842 Mahnunq
3076 4781 3166 4824 an

498 4861 571 4927 F
562 4883 811 4943 arne-se,
880 4863 1034 4928 ohne
1095 4863 1477 4930 Zeitverlust
1533 4865 1722 4930 selbst
1775 4887 1858 4931 zu
1915 4867 2192 4932 kommen
2250 4867 2399 4932 oder
2453 4869 2636 4931 einen
2693 4867 3166 4952 auverlc'issiyen
