3859 5575
1497 439 1598 500 Nn.
1636 445 1700 500 2:
1742 441 1879 501 1545
1917 439 2151 501 Februar
2191 439 2271 500 15.
3148 435 3217 503 Ἠ

724 640 856 706 Die
905 640 1267 707 Gesandten
1313 641 1421 706 des
1466 641 1865 723 Erebisehofs
1907 663 2028 706 von
2074 641 2273 720 Ko'ln,
2336 641 2555 706 welche
2607 642 2720 723 fiir
2764 641 2946 706 ihren
2992 641 3217 705 Herm

547 748 651 812 die
695 748 1050 812 Erlaubnis
1095 747 1514 813 nachsuchten
1563 747 1720 813 che'l
1765 758 2018 834 potesse
2064 771 2247 814 usare
2291 747 2357 813 la
2401 771 2515 813 sua
2560 750 3036 831 reformatione,
3080 748 3219 813 und

549 855 1066 938 Zuriielsziehuny
1123 855 1233 919 der
1290 876 1425 919 vom
1480 855 1749 937 Kapitel
1803 856 1941 920 und
1997 856 2076 920 K
2080 855 2254 920 lerus
2312 854 2689 938 einyeleyten
2735 854 3135 937 Amellation
3167 857 3217 942 ¹)

546 962 904 1044 verlanyten
917 1014 935 1041 ,
994 963 1145 1035 sind
1200 983 1334 1027 vom
1381 963 1627 1027 Kaiser
1672 963 1744 1026 in
1789 963 2009 1027 beiden
2054 962 2355 1028 Punkten
2400 963 2789 1028 entsehieden
2843 964 3220 1045 abyewiesen

496 1080 530 1133 5
549 1070 801 1135 worden
843 1070 981 1134 und
1026 1070 1095 1134 in
1136 1070 1365 1152 yrqsser
1411 1069 1816 1152 Bestia'rzuny
1862 1070 2270 1152 heimyelcehrt
2297 1072 2370 1157 ²).

728 1175 823 1241 Le
872 1198 1014 1240 cose
1060 1176 1248 1241 modo
1305 1174 1469 1241 della
1531 1175 1831 1263 religione
1890 1178 1957 1241 in
2017 1175 2366 1241 Germania
2420 1176 2795 1264 dependono
2854 1177 2938 1241 da
2997 1184 3220 1265 questa

439 1355 443 1359 Α
550 1284 861 1369 giornata‚
908 1283 1160 1370 perche,
1207 1307 1274 1352 a,
1295 1281 1441 1370 quel
1487 1281 1604 1348 che
1649 1307 1835 1371 poseo
1884 1292 2199 1371 penetrar,
2246 1286 2306 1349 io
2353 1286 2441 1348 mi
2487 1285 2798 1370 persuado
2845 1282 2961 1349 che
3006 1306 3135 1349 non
3167 1284 3217 1347 si

551 1392 734 1476 potr-a
778 1390 991 1477 suggir
1035 1399 1256 1478 questo
1304 1413 1487 1477 passo
1536 1388 1655 1454 che
1701 1413 1827 1455 non
1876 1393 1928 1455 si
1976 1392 2179 1455 faccia
2224 1391 2492 1478 qualche
2524 1391 3060 1457 determinatione.
3156 1389 3218 1455 la

551 1494 738 1583 quale
784 1499 878 1561 sia
926 1520 1105 1563 come
1151 1498 1204 1561 si
1250 1496 1482 1583 voglia‚
1530 1497 1795 1563 essendo
1840 1498 2001 1563 satta
2048 1499 2112 1562 in
2159 1498 2330 1564 dieta
2361 1499 2425 1564 di
2457 1497 2604 1563 laici
2645 1505 2709 1563 et
2749 1499 2815 1562 in
2857 1504 3215 1584 contempto

465 1617 534 1668 10
552 1605 633 1689 (si
679 1604 805 1691 pub
852 1605 1016 1691 dire)
1062 1604 1127 1668 di
1174 1627 1258 1669 un
1300 1603 1564 1670 concilio
1596 1613 1835 1691 apertO,
1878 1628 2006 1669 non
2040 1606 2125 1670 mi
2157 1606 2284 1692 pub
2316 1606 2619 1672 satisfare.
2684 1607 2791 1692 qui
2822 1612 3217 1693 promettono

552 1733 740 1797 sopra
786 1713 935 1797 ogni
980 1710 1142 1776 altra
1187 1733 1334 1777 cosa
1382 1710 1497 1777 che
1558 1713 1610 1776 si
1665 1711 1867 1776 havra
1926 1713 2073 1778 tutti
2126 1712 2171 1777 li
2218 1714 2623 1778 convenienti
2665 1714 2909 1800 rispetti
2957 1711 3057 1776 all'
3107 1734 3216 1776 au-

554 1820 744 1883 torita
788 1818 854 1883 di
901 1818 1033 1884 Sua
1079 1818 1325 1884 Santita
1370 1825 1434 1884 et
1479 1818 1544 1883 di
1591 1818 1802 1907 quella
1848 1826 2035 1884 santa
2094 1820 2270 1902 sede,
2330 1828 2394 1885 et
2452 1819 2569 1885 che
2614 1843 2740 1885 non
2788 1821 2837 1884 si
2884 1819 3024 1884 fara
3067 1840 3218 1884 cosa

553 1925 616 1988 in
663 1923 999 1991 dishonore
1044 1932 1108 1991 et
1152 1926 1528 1992 detrimento
1577 1949 1720 2009 su03
1769 1949 1908 2009 ma,
1957 1928 2051 1991 sia
2098 1948 2278 1992 come
2339 1928 2390 1991 si
2437 1926 2612 2010 vole,
2671 1927 2779 1991 se'l
2827 1927 2877 1990 si
2922 1925 3105 2013 parla
3150 1926 3214 1990 di

550 2031 868 2118 religione,
914 2032 1032 2097 che
1077 2056 1203 2097 non
1251 2034 1303 2098 si
1349 2035 1600 2098 rimetta
1646 2040 1807 2098 tutto
1855 2032 1915 2098 al
1962 2034 2246 2117 concilio,
2293 2056 2416 2098 non
2450 2035 2540 2098 mi
2570 2041 2867 2099 contenta
2897 2041 2959 2098 et
2989 2032 3218 2098 l'essito

465 2136 611 2202 1510
655 2138 1004 2225 giudicara.
1389 2201 1394 2209 .

726 2246 857 2312 Die
887 2246 1168 2330 Herzo'ye
1197 2268 1314 2312 von
1345 2247 1599 2312 Baiern
1629 2248 1832 2313 haben
1863 2249 2067 2315 durch
2100 2249 2483 2314 Bormocorsz·
2523 2249 2777 2335 Gryffl)
2808 2248 2945 2312 eine
2975 2245 3218 2328 sehr-isi

549 2353 918 2435 einyereiekt
964 2377 1152 2442 sopra
1195 2355 1254 2419 le
1300 2377 1443 2420 cose
1490 2353 1658 2420 della
1702 2354 2012 2441 religione⁴
2051 2364 2114 2421 et
2145 2354 2310 2421 della
2343 2358 2618 2443 impresa
2651 2361 2870 2420 contro
2901 2353 2947 2418 il
2985 2354 3217 2438 Turco,

549 2459 713 2525 dove
758 2460 1162 2527 domandano
1209 2464 1272 2527 in
1321 2463 1662 2545 sustantia,
1723 2461 2225 2550 persuadendolo
2285 2486 2398 2551 per
2454 2463 2643 2528 molte
2699 2462 2907 2527 buone
2952 2463 3217 2547 ragioni,

549 2566 664 2632 che
711 2569 762 2633 si
808 2570 1061 2634 rimetta
1107 2571 1254 2655 ogni
1317 2592 1467 2635 cosa
1526 2569 1586 2634 al
1645 2571 1906 2635 concilio
1968 2579 2031 2636 et
2090 2569 2220 2636 solo
2280 2571 2330 2635 si
2391 2569 2647 2636 attenda
2705 2569 2872 2633 nella
2930 2576 3217 2657 presente

461 2684 532 2739 20
552 2674 720 2739 dieta
763 2674 889 2741 alla
934 2675 1320 2763 espeditione
1366 2685 1587 2742 contro
1632 2677 1676 2741 il
1724 2677 1954 2743 Turco.
2047 2700 2171 2742 non
2226 2700 2306 2742 ne
2352 2676 2566 2741 banno
2611 2677 2763 2764 pero
2811 2678 2905 2740 sin
2954 2677 3060 2762 qui
3108 2674 3215 2740 ha·

550 2791 703 2849 vuto
750 2783 1026 2871 risposta
1072 2793 1135 2850 et
1178 2784 1425 2873 (credo)
1473 2808 1632 2873 poco
1676 2783 2094 2868 l'attendon0‚
2155 2784 2381 2851 stando
2439 2808 2674 2851 ancora
2731 2785 2840 2873 qui
2898 2806 3010 2871 per
3058 2782 3216 2849 altre

548 2913 735 2956 cause
780 2893 1033 2979 proprie
1060 2895 1136 2976 ⁴).

548 3138 880 3212 Grqssoheim
918 3141 1150 3197 Andr-ea
1187 3142 1303 3197 dem
1342 3140 1549 3197 Kaiser
1593 3144 1875 3211 yestellten
1911 3142 2112 3211 Sekiffe
2149 3143 2409 3213 Zahlumy
2456 3161 2486 3198 z
2508 3163 2524 3196 ι
2575 3144 2853 3210 ormnem
2902 3142 3092 3198 ebenso
3130 3142 3215 3197 be·

546 3233 744 3287 richtet
779 3232 1078 3301 Navayero
1114 3248 1206 3285 am
1240 3236 1319 3286 22
1357 3232 1624 3286 Febr-war.
1698 3233 1862 3288 Nach
1913 3232 2213 3287 demselben
2251 3263 2318 3272 —
2356 3250 2477 3289 vom
2513 3236 2593 3287 15.
2641 3261 2700 3270 —-
2751 3249 2869 3286 war
2907 3231 3090 3287 Doria
3126 3250 3215 3286 am

458 3321 614 3375 2513
650 3321 908 3376 Februar-
941 3321 1263 3389 qekommen.
1339 3321 1426 3374 Er
1461 3322 1622 3375 reIste
1659 3322 1898 3391 Anfuny
1937 3323 2103 3376 Mc‘irz
2136 3338 2255 3376 vom
2292 3321 2445 3388 Hofe
2480 3322 2567 3389 ab,
2608 3322 2708 3375 wie
2744 3337 2876 3375 man
2910 3326 3076 3389 same,
3112 3322 3215 3374 mit

549 3411 669 3465 dem
704 3410 903 3477 Besehl
939 3409 1032 3464 dee
1066 3409 1315 3478 Kaisera
1353 3428 1445 3464 am
1481 3416 1510 3463 1
1547 3411 1676 3466 Mai
1723 3412 1826 3465 mit
1873 3412 2065 3466 seium
2105 3412 2368 3465 Galeeren
2415 3411 2479 3464 in
2515 3411 2766 3464 Messina
2808 3426 2911 3464 zur
2945 3409 3109 3463 Stelle
3145 3427 3215 3464 zu

546 3500 699 3555 sein.-
745 3517 847 3555 con
884 3500 1074 3555 ordine
1111 3500 1213 3555 che
1251 3516 1360 3553 non
1395 3500 1635 3555 uscendo
1674 3500 2015 3556 Barbarossa
2063 3501 2157 3556 stii
2195 3498 2232 3555 li
2279 3517 2376 3572 per
2412 3501 2512 3555 dar
2557 3500 2683 3570 quel
2721 3499 2878 3554 favor
2913 3500 3016 3555 che
3052 3496 3215 3570 poti-h

547 3589 658 3643 alla
695 3588 884 3645 Sicilia
919 3596 978 3643 et
1013 3606 1048 3643 a
1085 3587 1313 3659 Napoli;
1364 3596 1421 3644 et
1456 3606 1563 3644 non
1601 3590 1842 3645 uscendo
1887 3591 2030 3645 vada
2075 3591 2197 3646 coll’
2235 3596 2450 3645 armata
2493 3589 2604 3644 alla
2639 3589 2891 3650 Goletta.
2928 3589 3146 3660 laquale
3183 3585 3214 3643 ὸ

546 3695 684 3748 pure
720 3679 776 3733 in
814 3678 1049 3749 qualche
1086 3675 1363 3732 difficulth
1411 3679 1467 3732 di
1506 3679 1866 3750 vettovaglie,
1903 3676 1974 3734 ne
2011 3676 2043 3734 ὲ
2081 3687 2254 3748 stata,
2303 3696 2457 3734 come
2495 3680 2668 3732 havea
2704 3677 2993 3749 designato
3029 3685 3086 3732 et
3121 3677 3211 3731 do·

456 3767 804 3822 30mandato
851 3767 1248 3837 l'imperatore‚
1298 3765 1600 3823 fortificata
1646 3768 1702 3821 di
1740 3769 1900 3823 modo
1951 3768 2055 3823 che
2093 3769 2137 3823 si
2190 3786 2353 3839 possa
2400 3769 2615 3839 riputar
2662 3768 2871 3823 sicum:
2920 3766 3216 3838 Navayero

547 3860 576 3909 1
613 3857 790 3911 Mare.
855 3857 1022 3912 Naeh
1047 3858 1415 3911 Monumenta
1459 3856 1791 3911 Tridentino
1828 3875 1915 3912 nr.
1958 3862 2023 3911 13
2059 3858 2307 3913 beric‘hrte
2344 3858 2715 3912 Giannettino
2752 3856 2868 3922 auf
2892 3857 2992 3912 der
3031 3857 3213 3911 Beck·

543 3947 679 4001 reiee
719 3946 910 4001 Yvient
946 3946 1068 4011 (vor
1103 3946 1224 4000 dem
1260 3950 1331 4000 14
1367 3947 1573 4015 Μᾶνε).

689 4036 729 4103 ¹)
774 4036 904 4090 Vom
941 4040 977 4089 9
1019 4035 1250 4091 Oktober
1285 4038 1454 4090 1544.-
1502 4035 1904 4106 Varrentrapp,
1944 4036 2240 4091 Hermann
2276 4052 2380 4091 von
2420 4036 2580 4091 Wied
2614 4035 2674 4090 S.
2709 4033 2896 4099 233171

689 4122 732 4193 ¹²)
779 4113 919 4180 Uber
957 4124 1100 4181 diese
1136 4123 1416 4193 Senatum,
1454 4126 1646 4181 welche
1682 4126 1938 4194 iibriyens
1974 4126 2126 4180 nicht
2165 4143 2283 4179 vom
2313 4125 2650 4191 Erzbiechot,
2688 4124 2928 4179 condem
2963 4138 3072 4178 von
3110 4124 3215 4179 den

457 4213 527 4267 35
547 4215 744 4269 diesem
794 4214 1202 4284 anhdnqenden
1249 4216 1548 4270 weltlt'ehen
1596 4214 1847 4269 Stcinden
1893 4215 1991 4269 des
2034 4213 2304 4279 Erzstifts
2352 4215 2592 4284 ausyiny
2606 4255 2622 4281 ‚
2680 4214 2787 4283 vql.
2830 4213 3215 4282 Vawentrapp

544 4303 596 4358 S.
633 4308 760 4359 243.
837 4303 1094 4359 Dereelbe
1129 4303 1287 4370 sium
1321 4303 1377 4358 S.
1404 4307 1536 4371 244,
1575 4308 1607 4357 1
1646 4305 1790 4359 auch
1826 4306 1987 4358 einen
2024 4304 2249 4359 Berieht
2288 4304 2389 4358 der
2427 4303 2742 4359 Gesandten
2775 4302 2912 4356 aber
2946 4303 3066 4357 ihre
3091 4303 3212 4356 Au·

545 4393 704 4447 diens
739 4393 877 4447 beim
913 4392 1120 4447 Kaiser
1155 4411 1245 4448 cm.

688 4481 731 4549 ¹¹)
785 4482 1043 4537 Berichte
1090 4482 1283 4537 Diesee
1339 4499 1444 4537 aus
1501 4484 1836 4551 Antwerpen
1891 4498 2013 4537 vom
2073 4481 2372 4537 November
2418 4485 2557 4535 1544
2618 4480 2740 4535 wnd
2801 4480 3030 4534 Januar
3077 4482 3213 4532 1545

542 4569 808 4638 yedruekt
855 4588 901 4625 v.
940 4571 1190 4638 Druffel,
1241 4570 1392 4626 Karl
1429 4571 1491 4639 V,
1539 4572 1617 4625 II
1657 4571 1714 4626 S.
1753 4570 1904 4636 38ff.
1990 4572 2065 4625 In
2115 4572 2235 4625 dem
2285 4572 2481 4626 letzten
2531 4571 2706 4625 dieser
2756 4570 3041 4636 Berichte,
3097 4586 3213 4624 vom

457 4659 527 4713 40
544 4663 619 4714 24
655 4660 900 4727 Januar,
954 4659 1395 4715 beachtenswerte
1433 4662 1828 4729 Mitteilunyen
1862 4661 2054 4715 Naves
2099 4662 2232 4715 aber
2282 4662 2375 4714 die
2410 4660 2661 4729 Stella-ny
2708 4660 2800 4715 des
2836 4659 3067 4713 Kaisers
3111 4676 3214 4713 zur

546 4749 920 4819 Behandlun9
960 4749 1058 4803 der
1093 4749 1539 4818 Reliyionssaehe
1575 4751 1638 4803 in
1677 4751 1888 4803 Worms
1924 4749 2001 4815 (S.
2043 4754 2152 4815 45).

687 4838 728 4906 ⁴)
775 4839 887 4909 Vyl.
925 4856 969 4892 tf.
1011 4838 1234 4904 Druffel
1268 4857 1320 4892 ιι.
1359 4858 1412 4891 (ι.
1456 4839 1514 4893 0.
1554 4839 1607 4893 S.
1648 4842 1734 4907 44,
1777 4843 1822 4895 1.

3305 645 3439 696 1545

3253 712 3395 767 Fbr,
3425 717 3492 767 15
