3859 5575
1413 493 1511 548 No.
1555 495 1680 550 103:
1721 494 1859 548 1545
1895 493 2178 548 Dezember
2216 496 2265 549 7.
3066 490 3169 552 477

505 689 724 779 liquali
769 689 1249 776 l'intertengono
1297 711 1419 754 eon
1467 688 1609 755 baie
1654 696 1718 755 et
1763 691 1916 755 feste
1962 697 2024 755 et
2070 688 2114 754 li
2161 687 2550 777 prolongano
2591 689 2653 756 la
2692 690 3067 755 executione
3109 696 3172 755 et
3238 692 3376 742 1545

505 798 715 863 effetto
762 798 827 863 di
875 805 1112 886 quanto
1158 796 1200 861 li
1247 796 1458 862 hanno
1503 819 1824 885 promesso
1871 796 1932 861 al
1979 804 2189 885 tempo
2237 795 2352 862 obe
2397 797 2451 861 si
2480 819 2635 882 rese,
2681 797 2947 862 dicendo
2979 794 3171 863 molto
3210 760 3337 816 ΒΘΖ·
3371 763 3405 815 ⁷

505 904 670 971 male
716 904 820 971 del
864 904 1031 970 duca
1074 905 1376 970 Mauritio
1422 910 1487 969 et
1530 905 1610 970 de
1654 903 2000 991 langravio.
2092 902 2467 969 similmente
2512 906 2597 968 mi
2640 905 2847 970 serive
2892 928 2978 969 un
3026 905 3172 986 mio,

506 1012 622 1078 6116
669 1019 856 1100 tengo
902 1035 943 1078 a
987 1020 1170 1099 posta
1215 1013 1281 1076 in
1328 1018 1499 1077 corte
1544 1011 1648 1076 del
1693 1011 1861 1076 duca
1892 1011 2214 1094 Mauritio,
2262 1009 2624 1097 qualmente
2668 1033 2804 1076 esso
2850 1011 3014 1077 duca
3044 1033 3172 1076 non

453 1122 540 1187 be
587 1142 749 1207 poco
795 1121 860 1184 in
907 1118 1138 1185 collera
1184 1141 1304 1184 eon
1350 1117 1680 1204 langravio
1727 1118 1843 1183 6116
1889 1141 2018 1183 non
2063 1120 2416 1206 essequisee
2461 1117 2667 1206 quello
2714 1118 2830 1184 6116
2889 1117 2973 1183 116
3030 1141 3173 1206 pro·

506 1250 710 1294 messo
756 1249 797 1292 a
842 1227 1169 1292 Bransvie.
1262 1236 1325 1291 et
1371 1228 1500 1291 cosi
1549 1248 1702 1290 sono
1748 1224 2043 1313 garbugli
2089 1249 2204 1313 per
2248 1233 2444 1309 tutto,
2503 1234 2567 1291 et
2627 1228 2685 1291 io
2747 1225 2809 1291 lo
2868 1227 3073 1291 serivo
3133 1247 3175 1290 a

507 1336 585 1400 V.
633 1334 696 1399 S.
744 1335 874 1400 Rm
920 1342 1096 1399 tanto
1141 1335 1254 1421 piir
1300 1333 1722 1420 amplamente
1770 1339 2009 1420 quanto
2055 1355 2251 1419 penso
2298 1332 2414 1398 6116
2460 1331 2697 1398 habbia
2744 1356 2893 1398 earo
2952 1332 3018 1397 di
3077 1356 3172 1398 sa·

505 1465 654 1531 pere
701 1443 849 1529 ogni
895 1463 1061 1524 6686,
1109 1441 1423 1526 sperando
1472 1438 1588 1504 6116
1643 1462 1822 1506 661116
1881 1440 2194 1527 prudente
2258 1442 2508 1527 signore
2566 1438 2853 1505 l'aiutera
2907 1446 2972 1505 et
3027 1463 3171 1506 eon-

510 1549 760 1636 6131616·
783 1547 929 1613 nelli
975 1546 1223 1612 rimedii
1270 1549 1608 1634 opportuni
1652 1570 1767 1635 per
1811 1570 1940 1613 non
1986 1547 2249 1614 laseiare
2294 1548 2547 1613 ruinare
2593 1548 2743 1635 ogni
2788 1570 2950 1612 cosa.

424 1668 491 1722 10
686 1656 758 1720 Io
819 1655 899 1720 116
957 1656 1157 1719 inteso
1219 1653 1334 1720 6116
1395 1654 1527 1720 Sua
1584 1655 1833 1721 Santita
1894 1655 1977 1720 ha
2036 1653 2380 1721 deliberato
2435 1655 2740 1720 mandare
2806 1656 3174 1742 monsignor

509 1761 879 1851 Mignanelli
929 1760 1054 1826 alla
1098 1768 1269 1827 corte
1316 1761 1380 1825 di
1427 1760 1559 1827 Sua
1604 1761 1850 1827 Maesta
1893 1785 2008 1849 per
2054 1761 2390 1827 sollicitare
2449 1769 2513 1828 et
2573 1761 2852 1828 stabilire
2909 1760 2973 1828 la
3027 1785 3174 1827 cosa

508 1869 675 1936 della
718 1871 994 1956 impresa
1025 1868 1097 1956 ¹),
1145 1874 1207 1933 et
1236 1875 1407 1933 certo
1437 1869 1498 1933 io
1530 1869 1590 1933 lo
1621 1867 1904 1934 laudarei
1937 1868 2149 1949 molt0,
2192 1870 2403 1957 pereh'
2438 1871 2473 1934 6
2504 1870 2691 1935 homo
2730 1869 2922 1935 molto
2963 1869 3173 1935 destro

508 1985 571 2043 et
614 1977 928 2064 prudente
973 1999 1087 2063 per
1133 1974 1319 2040 simili
1365 1977 1658 2063 maneggi
1704 1983 1766 2042 et
1829 1998 1957 2041 non
2014 1998 2176 2063 poco
2223 1977 2259 2041 ὲ
2316 1985 2499 2063 grato
2560 1976 2686 2042 alla
2743 1999 3015 2064 persona
3071 1975 3173 2042 del

509 2086 920 2172 imperatore3
966 2091 1029 2148 et
1074 2106 1199 2147 non
1262 2080 1553 2148 obstante
1611 2082 1727 2147 6116
1787 2082 1830 2148 il
1885 2085 2109 2148 nuntio
2157 2082 2410 2149 Verallo
2471 2084 2564 2149 sia
2624 2084 3172 2167 sufficientissimo,

424 2202 492 2257 15
511 2192 700 2258 eredo
746 2192 898 2279 pero
947 2189 1063 2254 6116
1109 2212 1409 2277 appresso
1456 2189 1518 2255 16
1556 2189 1803 2255 Maesta
1831 2189 1966 2255 Sua
2010 2189 2401 2277 operarebbe
2447 2190 2639 2256 molto
2685 2189 2729 2255 il
2768 2190 3066 2256 sollicitat
3094 2191 3175 2255 de

508 2298 676 2364 l’uno
734 2305 798 2364 et
852 2298 931 2363 de
976 2297 1210 2382 l’altro,
1271 2320 1397 2363 non
1459 2295 1690 2384 perche
1749 2299 1926 2383 pensi
1985 2297 2116 2363 Sua
2170 2298 2414 2363 Maesta
2467 2299 2561 2363 sia
2618 2298 3008 2382 refreddata‚
3069 2321 3175 2362 ma

510 2406 742 2494 perche
788 2413 1025 2494 quanto
1073 2407 1184 2491 pin
1231 2404 1465 2469 vedera
1510 2403 1812 2469 sealdarsi
1859 2403 1990 2470 Sua
2036 2404 2300 2489 Santita,
2348 2412 2524 2471 tanto
2570 2406 3069 2492 maggiormente
3113 2412 3176 2470 et

510 2516 620 2601 piis
666 2520 879 2600 presto
924 2513 1064 2578 fara
1108 2512 1152 2577 il
1199 2510 1413 2578 debito
1459 2534 1590 2577 suo.

691 2622 839 2687 Una
885 2643 1033 2685 cosa
1079 2620 1159 2686 de
1217 2621 1528 2685 necessita
1587 2620 1764 2684 aviso
1819 2619 1896 2683 V.
1946 2619 2008 2684 S.
2055 2620 2202 2702 Bm,
2250 2618 2607 2706 qualmente
2645 2618 2725 2684 116
2757 2619 2975 2685 lettere
3005 2619 3176 2686 dalla

420 2735 684 2794 20eorte
732 2728 810 2794 de
848 2726 1080 2793 Hassia
1124 2736 1187 2794 et
1232 2728 1312 2794 de
1358 2726 1636 2794 Saxonia
1682 2726 1797 2792 6116
1841 2725 1885 2792 il
1931 2725 2261 2813 langravio
2309 2725 2393 2792 ha
2437 2748 2649 2814 spesso
2693 2724 2911 2794 lettere
2942 2727 3021 2794 de
3052 2727 3173 2794 Ro-

511 2859 634 2917 ma,
680 2859 795 2923 per
839 2835 897 2902 le
943 2835 1116 2923 quali
1161 2838 1344 2901 viene
1391 2836 1631 2901 avisato
1679 2834 1741 2898 di
1789 2841 1948 2899 tutte
1993 2834 2051 2899 le
2099 2857 2243 2900 cose
2303 2833 2421 2900 ebe
2478 2857 2748 2922 passano
2776 2835 2863 2923 ἰ);
2918 2836 2979 2901 16
3025 2834 3175 2923 qual

512 2965 658 3008 cosa
703 2965 831 3007 non
877 2943 913 3007 e
960 2943 1023 3007 di
1072 2965 1235 3029 poea
1279 2943 1707 3029 importantia,
1754 2948 1815 3007 et
1861 2943 1948 3005 mi
1993 2943 2244 3029 pareria
2289 2942 2640 3008 necessario
2688 2941 2804 3007 6116
2835 2942 2915 3009 V.
2951 2941 3013 3007 S.
3049 2943 3174 3007 Ru·-

510 3050 1034 3137 prudentemente
1092 3049 1150 3114 16
1216 3049 1597 3136 provedesse
1655 3056 1719 3113 et
1776 3071 2063 3114 eereasse
2122 3049 2309 3114 modo
2370 3049 2434 3113 di
2496 3048 2820 3115 intendere
2878 3048 2980 3114 chi
3047 3051 3174 3137 pub

513 3179 681 3222 esser
726 3155 934 3244 quello
981 3179 1018 3221 6
1065 3155 1253 3244 quelli
1304 3155 1422 3220 6116
1469 3158 1662 3221 fanno
1709 3163 1949 3243 questO,
1997 3163 2059 3222 et
2088 3157 2202 3243 pin
2239 3155 2355 3221 che
2387 3155 2718 3242 langravio
2764 3157 2815 3221 si
2849 3158 2884 3221 ὲ
2915 3165 3175 3223 vantato

421 3272 491 3327 25
513 3287 627 3329 6611
675 3262 719 3328 li
767 3264 904 3328 suoi
950 3262 1029 3328 de
1073 3262 1205 3347 liga
1249 3263 1315 3327 di
1361 3261 1746 3328 Smalealdia
1791 3263 1904 3327 6116
1951 3286 2078 3327 11611
2126 3263 2466 3328 solamente
2514 3261 2595 3328 116
2639 3264 2800 3328 avisi
2844 3264 2924 3329 de
2954 3264 3175 3347 Roma,

510 3394 616 3436 ma
660 3371 726 3436 di
773 3370 1023 3457 miglior
1068 3369 1205 3435 loeo
1252 3370 1315 3434 di
1365 3371 1584 3454 Roma,
1631 3369 1941 3457 parlando
1995 3370 2544 3458 particolarmente
2602 3370 2747 3435 delli
2807 3371 3176 3437 andamenti

509 3487 573 3544 et
617 3479 857 3544 trattati
903 3478 1022 3544 6116
1069 3480 1122 3542 si
1167 3477 1526 3561 intendon0‚
1574 3485 1638 3541 et
1681 3477 1881 3542 anche
1927 3478 2008 3543 de
2054 3476 2259 3565 quello
2306 3500 2372 3543 se
2415 3478 2480 3543 fa
2524 3480 2591 3542 in
2637 3501 2889 3544 camera
2933 3479 3014 3544 de
3044 3478 3175 3545 Sua

510 3587 758 3653 Santita
803 3592 867 3651 et
910 3585 990 3650 de
1037 3585 1112 3649 V.
1164 3585 1225 3651 S.
1275 3585 1419 3669 ΒΜ,
1468 3586 1517 3649 si
1566 3595 1764 3650 vanta
1806 3607 2041 3650 ancora
2088 3585 2260 3650 detto
2309 3585 2637 3671 langravio
2701 3584 2816 3652 6116
2876 3584 2959 3651 ha
3014 3588 3174 3651 avisi

511 3694 575 3758 di
620 3692 809 3759 Italia
855 3692 971 3758 6116
1017 3693 1193 3758 molti
1239 3691 1456 3779 populi
1503 3699 1566 3756 et
1596 3700 1760 3757 terre
1793 3715 1917 3757 non
1951 3715 2103 3766 sono
2134 3716 2294 3779 poco
2335 3692 2620 3758 inclinati
2653 3691 2779 3759 alla
2808 3693 3177 3780 evangelica

420 3801 758 3884 3611116116,
805 3808 867 3865 et
912 3800 1167 3888 quando
1216 3800 1452 3865 havera
1497 3798 1775 3864 stabilito
1821 3799 1880 3865 16
1926 3822 2070 3866 cose
2116 3823 2226 3865 sue
2272 3800 2353 3865 de
2398 3823 2556 3888 qua,
2605 3799 2722 3866 6116
2781 3803 2817 3867 e
2880 3808 3051 3866 eerto
3106 3801 3175 3865 di

510 3908 709 3975 haver
753 3908 996 3995 grande
1043 3906 1458 3994 intelligentia
1503 3908 1569 3971 in
1618 3906 1822 3995 quelle
1867 3906 2093 3972 bande.

879 4072 1040 4079 -———

659 4176 695 4243 ¹)
735 4177 1009 4232 Himzber
1043 4176 1148 4244 ist,
1186 4178 1358 4232 soviel
1391 4177 1481 4232 ich
1514 4177 1661 4245 86116,
1699 4182 1849 4231 sonat
1898 4177 2082 4232 nichts
2128 4177 2399 4244 bekannt,·
2446 4177 2704 4246 abr-fyens
2750 4178 2825 4233 iat
2873 4178 2963 4232 die
3001 4177 3175 4232 866116

510 4267 816 4335 anyesichts
851 4267 1119 4320 mehrerer
1147 4266 1340 4332 Briese
1378 4266 1752 4335 Miynanellos
1796 4283 1905 4321 668
1951 4266 2128 4321 dieser
2156 4267 2280 4320 Zeit
2314 4267 2496 4332 (Mon.
2533 4266 2682 4321 Trici.
2719 4283 2836 4320 nrr.
2865 4270 2990 4320 246.
3017 4269 3174 4336 278),

509 4355 575 4408 in
609 4355 840 4409 walchen
875 4372 935 4410 er
972 4356 1106 4408 aber
1139 4355 1328 4410 seium
1362 4354 1973 4410 Gesandheitazuatand
2008 4356 2175 4425 klayt,
2214 4355 2311 4409 der
2345 4356 2459 4409 ihm
2494 4373 2658 4424 soyar
2695 4355 2804 4409 den
2829 4355 3047 4410 Besuch
3081 4355 3177 4410 des

420 4442 490 4496 35
518 4442 740 4498 Konzils
774 4444 976 4498 schwer
1010 4443 1184 4509 fallen
1233 4440 1386 4513 Ζᾶβτ,
1435 4445 1611 4512 weniy
1661 4444 2127 4499 wahrscheinlich.
2202 4445 2365 4500 Auch
2414 4445 2499 4499 bei
2537 4445 2882 4514 Geleqenheit
2929 4444 3028 4499 der
3062 4446 3173 4499 Ab·

508 4531 792 4601 few-tiquam
840 4533 1180 4602 Mar-quinas
1233 4532 1412 4588 durch
1462 4533 1550 4587 die
1597 4533 1781 4588 Karia
1839 4533 1915 4588 ist
1972 4551 2078 4588 von
2136 4533 2258 4588 dem
2319 4535 2452 4589 oben
2509 4534 2902 4605 anqedeuteten
2950 4534 3176 4603 Pum'ekt

509 4621 662 4676 nicht
696 4621 787 4678 dio
813 4621 980 4690 Rode,
1004 4623 1077 4691 ja
1113 4623 1282 4678 dieses
1314 4622 1489 4690 findet
1524 4623 1815 4691 eiymtlich
1842 4623 1987 4679 auch
2023 4623 2108 4678 bei
2144 4622 2265 4678 dem
2301 4622 2617 4692 damaliqen
2642 4622 2825 4678 Stand
2862 4623 2959 4678 der
2985 4623 3175 4692 Dinqo

507 4710 773 4765 zwischen
807 4710 988 4780 Papae
1022 4710 1146 4764 und
1179 4711 1385 4767 Kaisar
1420 4712 1576 4767 kaim
1610 4709 1790 4767 Stelle.

653 4797 695 4868 ²)
731 4797 928 4864 Briefe
964 4817 1069 4854 aus
1103 4800 1243 4856 Rom
1280 4817 1359 4854 an
1404 4801 1494 4856 die
1529 4800 1918 4857 Protectanten
1966 4802 2218 4857 erwc'ilmt
2263 4802 2431 4872 Lenz,
2469 4799 2699 4869 Bn'efw.
2746 4801 2824 4856 ΙΙ
2864 4799 2919 4856 S.
2969 4803 3101 4869 381,
3140 4805 3174 4854 1

422 4888 494 4943 40
514 4889 662 4943 nach
696 4888 1055 4956 Absclm‘ften
1090 4889 1168 4944 im
1204 4890 1540 4960 Mau-burgen·
1575 4889 1972 4948 Staatoarchiv.
