3859 5575
1504 452 1603 506 No.
1641 454 1738 507 42:
1779 454 1918 508 1545
1953 453 2078 508 Juni
2116 454 2201 508 29.
3075 452 3176 513 217

519 646 633 710 6116
680 648 730 710 si
776 647 1095 712 domanda
1140 671 1252 733 per
1298 647 1338 711 il
1387 648 1554 713 clero
1587 650 1652 731 ¹).
1744 649 1801 713 el
1862 648 2065 713 simile
2127 649 2208 713 116
2266 673 2609 715 commesso
2668 650 3072 735 espediscano
3118 652 3180 715 16
3267 658 3403 707 1545

519 777 713 818 causa
770 754 936 819 della
1000 755 1211 820 chiesa
1260 755 1722 843 Nunburgense
1782 780 1895 843 per
1941 757 2002 821 lo
2049 757 2234 822 cletto
2281 758 2453 822 Julio
2505 757 2694 821 Pfluk
2723 760 2806 844 ²);
2868 767 2930 822 et
2976 758 3080 823 se'l
3129 761 3179 822 si
3219 727 3456 780 Juni29

519 860 803 926 stabilit-{2
849 861 890 924 il
937 871 1255 949 sequestro
1302 863 1401 928 del
1450 876 1609 929 stato
1657 864 1758 929 (161
1805 866 1974 930 duca
2018 865 2082 929 di
2129 865 2519 947 Branswich‚
2567 867 2602 930 ὲ
2649 866 2733 930 (16
2779 867 3034 931 credere
3065 865 3181 930 che

520 971 612 1033 sia
657 992 772 1055 per
817 970 996 1034 farne
1044 969 1203 1034 bene
1246 970 1306 1034 10
1356 994 1625 1037 vescovo
1672 972 1751 1037 de
1796 972 2137 1055 Ildesema,
2199 972 2313 1037 che
2359 973 2551 1037 molto
2597 972 2657 1037 lo
2706 975 2956 1056 merita,
3005 996 3181 1037 come

464 1095 498 1148 5
519 1076 728 1163 quella
773 1100 842 1141 sa
869 1076 940 1165 ⁸).

698 1184 762 1248 Si
809 1183 1057 1249 lassano
1102 1185 1426 1250 intendere
1474 1185 1851 1252 protestanti
1901 1185 2019 1250 6116
2069 1197 2305 1272 quanto
2338 1187 2458 1251 alle
2490 1210 2631 1252 cose
2673 1187 2837 1252 della
2883 1187 3182 1273 religione

521 1290 838 1355 babbiano
894 1315 1018 1356 non
1083 1315 1264 1356 meno
1325 1302 1603 1379 suspetto
1649 1294 1708 1357 lo
1755 1296 2134 1379 imperatore
2181 1293 2295 1357 che
2341 1294 2473 1358 Sua
2517 1294 2779 1359 Santitit.
2872 1294 2934 1358 la
2990 1318 3183 1359 causa

519 1401 568 1462 si
618 1400 651 1462 ὸ
698 1421 811 1484 per
857 1398 1001 1486 quel
1048 1400 1350 1463 mandato
1396 1408 1708 1487 stampato
1755 1423 1872 1465 con
1922 1401 1965 1465 li
2014 1401 2256 1466 articoli
2319 1401 2482 1466 della
2540 1403 2888 1465 universita
2948 1401 3012 1465 di
3061 1401 3179 1465 Lo·

522 1507 740 1585 vania,
810 1506 1078 1570 dicendo
1142 1506 1286 1590 che,
1357 1507 1579 1593 poiche
1641 1508 1772 1573 Sua
1830 1507 2075 1571 Maesta
2137 1510 2189 1572 si
2249 1508 2504 1573 declara
2573 1508 2648 1593 h,
2719 1531 2843 1573 non
2911 1503 3182 1594 'possono

434 1633 500 1684 10
519 1636 817 1699 spei-arne
862 1613 1025 1678 altra
1069 1615 1319 1679 iusticia
1344 1618 1418 1700 ⁴²).

518 1812 798 1875 sichtslos‚·
853 1812 1210 1881 einyehender
1265 1812 1540 1865 bevichlen
1595 1812 1687 1865 die
1741 1813 1806 1866 in
1860 1813 1968 1866 den
2015 1814 2278 1881 Beilayen
2327 1814 2678 1882 mityeteilten
2729 1814 3042 1883 Depesclwn
3087 1814 3185 1868 der

530 1901 858 1955 Venetianer
894 1919 1015 1955 rom
1051 1906 1142 1955 27.
1181 1902 1302 1954 und
1345 1900 1612 1955 Coo-tonas
1648 1918 1767 1955 vom
1803 1906 1883 1956 28
1918 1904 2074 1955 ‚Iuni

668 1990 703 2055 ¹)
747 1992 849 2043 Am
892 1995 969 2044 27
1008 1992 1152 2043 ‚Iuni
1196 1992 1367 2044 stellte
1416 1991 1513 2044 der
1561 1990 1765 2045 Kaisar
1812 1992 1931 2045 clem
1983 1993 2192 2046 K‹)‘lner
2228 1993 2437 2047 Klerus
2486 1995 2646 2047 einen
2681 1993 3035 2059 Schutzbre’ef
3062 2012 3181 2048 ((66.

521 2079 724 2133 Ennen
760 2079 854 2133 IV
883 2079 938 2133 S.
978 2083 1115 2146 489;
1158 2080 1539 2148 Vari-entrapp
1578 2080 1630 2133 S.
1668 2083 1791 2134 255.

438 2176 500 2228 15
664 2168 703 2227 ²)
755 2169 867 2238 Vql.
906 2169 1041 2223 oben
1077 2186 1161 2222 nr.
1202 2172 1271 2221 35
1309 2169 1363 2223 S.
1404 2173 1526 2221 188.

666 2258 704 2325 ⁷¹)
744 2259 865 2311 Zur
901 2258 1323 2326 Anyeleyenheit
1360 2258 1452 2311 (163
1488 2258 1797 2327 Sequesters
1833 2260 1928 2313 cles
1966 2260 2329 2328 Herzoytums
2366 2262 2800 2331 Braunschweiy
2836 2280 2875 2316 8.
2909 2280 2956 2315 0.
2996 2262 3049 2316 S.
3079 2267 3183 2315 188

522 2348 683 2401 Anm.
733 2352 761 2399 1
807 2348 967 2400 sowie
1014 2347 1120 2401 den
1169 2347 1397 2400 Bericht
1445 2347 1777 2401 Burlchards
1822 2366 1942 2401 vom
1995 2353 2052 2401 14
2104 2350 2247 2402 Jum’
2294 2349 2681 2418 (Seckendorff
2722 2353 2755 2405 l.
2804 2353 2914 2405 III
2937 2370 2997 2420 12·
3037 2357 3184 2421 555).

520 2437 731 2489 Ferner
766 2436 1044 2490 schreibt-n
1083 2435 1171 2489 die
1221 2436 1548 2490 Venetianer
1583 2455 1674 2490 am
1708 2441 1775 2489 14
1814 2438 1988 2491 Juni:
2027 2438 2093 2491 Li
2133 2439 2470 2494 Protestanti
2510 2441 2690 2494 hanno
2727 2443 2856 2495 dato
2894 2460 3003 2496 una
3027 2444 3183 2497 scrit-

519 2534 647 2580 tnra
680 2543 716 2579 a
753 2524 954 2580 Cesare
1003 2542 1167 2594 sopra
1214 2525 1267 2578 la
1305 2526 1580 2594 ricbiesta‚
1633 2526 1736 2581 6116
1785 2526 1995 2580 haveva
2042 2527 2185 2582 fatto
2235 2528 2346 2583 Sua
2397 2528 2606 2584 Maesta
2651 2530 2918 2599 Cesarea,
2956 2533 3058 2585 che
3094 2534 3181 2585 de-

436 2622 505 2674 20
526 2631 826 2683 ponesseno
862 2614 1003 2667 nelle
1041 2630 1137 2666 sue
1176 2613 1321 2666 mani
1361 2613 1397 2666 il
1436 2614 1638 2669 ducato
1667 2615 1720 2668 di
1751 2614 2077 2684 Pransvich,
2117 2618 2260 2671 nella
2287 2619 2417 2689 qual
2447 2620 2642 2674 dicono
2671 2621 2773 2674 6116
2803 2621 3184 2690 depositarano

522 2704 558 2756 il
598 2704 750 2756 detto
788 2703 990 2757 ducato
1028 2720 1129 2757 con
1169 2703 1365 2757 alcune
1403 2705 1700 2759 conditioni
1742 2747 1753 2758 .
1779 2747 1789 2759 .
1814 2748 1824 2759 .
1849 2747 1861 2758 .
1902 2707 2052 2776 quali
2090 2724 2223 2760 sono
2261 2709 2363 2763 che
2411 2708 2523 2763 Sua
2571 2710 2807 2764 Cesarea
2846 2708 3060 2764 Maesta
3096 2713 3186 2765 de-

520 2794 641 2863 puti
678 2794 884 2863 giudici
924 2794 1282 2848 commissarii
1322 2810 1427 2848 non
1467 2796 1703 2865 suspetti
1740 2796 1811 2850 ad
1848 2797 2051 2851 alcuna
2086 2798 2153 2852 de
2192 2799 2242 2853 le
2278 2800 2440 2868 parti,
2478 2800 2581 2854 6116
2610 2801 2936 2855 conoschino
2974 2819 3031 2854 se
3069 2803 3184 2856 loro

520 2889 788 2951 potevano
840 2883 1086 2937 scacciar
1136 2883 1174 2936 il
1224 2884 1378 2937 detto
1429 2884 1574 2939 duca
1621 2902 1657 2938 6
1702 2885 2022 2940 diffensione
2074 2888 2218 2955 lor0,
2266 2887 2514 2942 havendo
2565 2890 2673 2960 egli
2725 2889 2867 2944 fatto
2919 2898 3111 2945 contra
3147 2891 3183 2945 li

520 2973 678 3025 cditti
718 2973 1012 3042 imperiali;
1052 2973 1154 3027 6116
1193 2989 1250 3026 sc
1288 2973 1333 3027 si
1373 2973 1712 3028 sententiat-a
1750 2982 1944 3029 contra
1980 2976 2034 3029 di
2075 2977 2206 3044 lore,
2243 2995 2350 3031 non
2390 2979 2542 3031 siano
2571 2980 2746 3033 tenuti
2777 2997 2810 3033 a
2838 2980 3184 3034 restitutione

432 3069 502 3120 25
521 3062 646 3115 dell'
685 3069 898 3116 entrate
936 3059 1004 3115 116
1044 3063 1197 3116 siano
1236 3063 1497 3134 castigati
1534 3072 1591 3117 et
1629 3065 1804 3134 puniti
1846 3082 1944 3135 per
1982 3072 2179 3135 questa
2215 3068 2429 3132 caccia;
2480 3076 2536 3122 et
2584 3069 2686 3122 che
2737 3070 2914 3139 prima
2964 3069 3065 3123 6116
3103 3071 3184 3123 sia

522 3151 665 3205 satta
702 3151 755 3204 la
792 3152 1081 3219 sententia,
1118 3153 1228 3205 Sua
1265 3152 1499 3206 Cesarea
1537 3150 1755 3207 Maesta
1791 3171 1898 3207 non
1938 3155 2253 3209 restituisca
2294 3155 2330 3209 li
2375 3156 2501 3210 beni
2538 3158 2592 3211 al
2634 3175 2862 3212 vescovo
2902 3158 3185 3224 Ildeseme,

522 3241 710 3311 liquali
751 3241 788 3294 li
826 3241 1022 3295 furono
1061 3242 1181 3296 tolti
1220 3243 1276 3295 in
1314 3243 1497 3312 quello
1537 3242 1729 3297 istesso
1766 3251 1952 3312 tempo
1989 3260 2143 3297 come
2183 3243 2326 3311 beni,
2363 3262 2461 3314 per
2498 3254 2705 3315 quanto
2741 3247 2937 3301 dicono
2976 3248 3011 3300 li
3054 3247 3182 3300 Pro·

523 3331 770 3396 testanti,
808 3331 1100 3401 pertinenti
1139 3331 1192 3384 61
1229 3331 1431 3385 ducato
1469 3331 1524 3385 di
1563 3330 1886 3398 Bransvich,
1925 3330 2138 3386 benche
2177 3333 2213 3385 il
2253 3350 2484 3387 vescovo
2521 3336 2741 3389 sudetto
2772 3336 2900 3390 dica
2937 3336 3039 3390 che
3078 3354 3183 3390 non

521 3420 983 3490 appartenghinm
1014 3437 1103 3474 ma
1140 3421 1292 3474 siano
1330 3420 1457 3475 beni
1496 3421 1752 3489 separati.
1808 3451 1871 3458 —
1927 3422 2084 3474 Auch
2135 3421 2236 3474 der
2272 3422 2512 3488 Bischof
2535 3441 2643 3476 von
2682 3423 2924 3479 Cortona
2960 3426 3057 3478 hat
3093 3443 3184 3478 am

432 3514 602 3567 3015.
641 3509 904 3575 ersahren
938 3510 1060 3563 und
1097 3510 1409 3563 wiederholt
1447 3527 1537 3563 am
1567 3513 1665 3576 17„
1707 3506 1826 3578 dass
1864 3510 1962 3563 der
1989 3511 2300 3579 Landgraf
2326 3513 2443 3566 sich
2473 3513 2836 3567 hev-beilassen
2871 3515 3038 3581 wolle,
3081 3515 3184 3568 clas

524 3599 805 3668 Sequester
837 3596 1213 3669 yutzuhevssen
1241 3605 1402 3653 anter
1424 3600 1684 3667 gewisse‘n
1712 3600 2148 3669 Bedinyunyen:
2188 3641 2199 3653 .
2224 3642 2235 3653 .
2259 3641 2270 3653 .
2310 3609 2366 3655 et
2394 3599 2707 3656 finalmente
2745 3604 2847 3656 che
2885 3604 3050 3673 quelli
3092 3621 3182 3674 po·

522 3690 637 3759 puli
675 3689 896 3759 possino
937 3689 1117 3743 vivere
1153 3695 1210 3743 et
1248 3689 1467 3743 credere
1505 3689 1740 3743 secondo
1777 3690 1824 3743 el
1865 3690 1981 3743 loro
2020 3689 2378 3761 beneplacito.
2455 3690 2573 3744 Der
2604 3690 2845 3757 Bischof
2873 3693 3182 3760 bezweifelt,

522 3776 641 3846 (last
679 3779 777 3832 der
814 3779 1017 3832 Kaiser
1053 3778 1198 3832 disse
1235 3778 1641 3848 Bedinyunyen
1677 3780 1982 3832 annehmen
2027 3780 2214 3833 werde.
2256 3809 2321 3819 -
2365 3781 2440 3834 In
2486 3780 2725 3835 Florem:
2771 3782 2935 3836 Cat-te
2974 3783 3183 3837 Cei-vin.

522 3867 648 3922 filza
694 3870 754 3922 15
790 3868 884 3922 fol.
927 3870 990 3922 74
1031 3868 1222 3934 finden
1256 3868 1374 3922 sich
1403 3868 1491 3921 die
1520 3868 1816 3923 conditioni
1848 3869 1950 3923 che
1981 3870 2233 3939 vogliano
2267 3869 2600 3925 Protcstanti
2631 3872 2809 3925 dando
2835 3871 2872 3924 il
2902 3880 3186 3942 sequestro

435 3961 503 4014 35
522 3958 609 4011 del
659 3958 860 4012 ducato
911 3957 966 4011 di
1016 3957 1320 4011 Bronsvich
1373 3958 1427 4011 in
1480 3975 1640 4010 mano
1689 3958 1813 4011 dell'
1853 3958 2181 4028 imperatore
2218 3960 2400 4027 eiyens
2435 3961 2794 4027 verzeichnet‚
2843 3962 2918 4013 im
2965 3968 3184 4014 mesent-

524 4048 700 4103 lichen
746 4049 842 4100 mit
890 4047 1083 4115 obiqen
1123 4048 1394 4116 Anqaben
1439 4048 1992 4115 fibereinstimmend5
2039 4065 2130 4102 so:
2179 4048 2281 4103 che
2331 4048 2368 4101 li
2416 4048 2623 4103 subditi
2672 4050 2758 4103 del
2797 4050 2956 4118 duca,
2999 4052 3102 4105 che
3140 4052 3184 4104 si

523 4155 660 4191 sono
697 4138 963 4191 accostati
1002 4154 1038 4191 a
1077 4137 1192 4190 loro
1230 4138 1285 4189 in
1333 4144 1529 4207 questa
1577 4154 1808 4208 guerra,
1854 4154 1961 4191 non
2011 4137 2263 4192 debbano
2311 4156 2411 4208 per
2458 4147 2653 4209 questo
2693 4139 2866 4209 patire
2903 4141 3186 4209 punitione

522 4228 751 4295 alcuna,
797 4236 854 4281 et
905 4227 1007 4280 che
1058 4228 1278 4297 possino
1328 4234 1514 4281 tenere
1563 4227 1749 4297 quella
1798 4227 2062 4298 religione
2112 4228 2214 4282 che
2265 4229 2302 4281 li
2354 4225 2564 4298 parera.
2649 4218 2787 4283 Uber
2835 4229 2926 4282 die
2963 4229 3186 4283 Hildes·

524 4317 849 4370 heimischen
887 4317 1213 4385 Stistsyiiter
1250 4314 1405 4384 heisst
1441 4332 1495 4370 es
1530 4318 1649 4371 hier
1684 4318 1788 4371 che
1818 4334 1921 4370 non
1954 4316 2209 4371 debbano
2236 4335 2386 4371 esser
2412 4319 2675 4372 restituiti
2704 4328 2832 4372 ante
2861 4320 3186 4373 sententiam

434 4409 505 4462 40
527 4406 714 4472 latam,
752 4413 809 4459 et
847 4406 899 4458 in
938 4423 1073 4460 casu
1110 4406 1472 4459 restitutionis
1510 4407 1662 4460 siano
1701 4406 1963 4461 restituiti
2002 4407 2056 4461 61
2092 4424 2323 4462 vescovo
2359 4415 2417 4462 et
2453 4424 2559 4461 non
2596 4407 2650 4461 61
2687 4407 2846 4462 duca.
2921 4407 3036 4462 Des
3063 4411 3186 4462 wei-

526 4502 676 4548 tei-en
710 4513 750 4549 s.
789 4512 845 4548 u.
884 4512 968 4548 nr.
1009 4498 1095 4548 47.

666 4586 709 4646 ⁴)
754 4586 865 4653 Vyl.
905 4584 1017 4637 den
1052 4602 1121 4638 zu
1169 4602 1253 4638 m:
1294 4589 1365 4638 35
1416 4583 1775 4654 anyefie'hncn
1813 4586 2042 4640 Rev-teht
2092 4586 2190 4640 der
2251 4586 2576 4641 Venetianer
2623 4604 2740 4641 vom
2791 4591 2824 4641 7
2873 4588 3030 4640 Juni.
3105 4589 3188 4640 Es

523 4675 749 4728 handen
805 4675 921 4728 sich
976 4674 1323 4728 bekanntlich
1378 4692 1470 4727 um
1508 4675 1665 4742 jane,
1714 4692 1818 4729 von
1874 4675 1975 4729 der
2024 4676 2285 4730 deener
2334 4677 2727 4745 theoloyischen
2774 4677 3049 4730 Fas-ulem
3099 4696 3188 4731 am

525 4768 560 4817 6
612 4764 742 4817 Des.
792 4767 930 4815 1544
991 4763 1381 4833 ausyestellten
1440 4766 1510 4818 32
1559 4765 1779 4820 articuli
1828 4766 2184 4820 orthodoxam
2237 4766 2554 4836 religionem
2611 4773 2968 4837 sanctamque
3023 4765 3186 4819 fidem

433 4853 505 4908 45
526 4862 766 4907 nostram
805 4853 1176 4922 respicientes,
1215 4853 1408 4906 welche
1444 4853 1543 4906 cle-r
1580 4854 1785 4908 Kaisar
1818 4861 1986 4909 unte»-
2023 4855 2141 4909 clem
2180 4859 2244 4908 14
2283 4857 2444 4909 Miirz
2482 4860 2615 4908 1545
2651 4856 2750 4922 fiir
2789 4856 2878 4909 dic
2914 4862 3188 4924 yesamten
