3859 5575
650 461 760 522 222
1619 466 1714 519 No.
1755 467 1853 520 43:
1900 467 2036 520 1545
2070 465 2180 519 Juli
2221 468 2266 519 1.
2305 469 2356 520 2.

429 664 564 742 1545
663 658 916 724 cludere
974 661 1039 725 in
1105 685 1186 725 un
1248 684 1492 726 recessu
1554 669 1617 726 et
1674 662 2034 747 ingannarli
2096 684 2212 748 per
2271 663 2332 727 la
2390 663 2497 725 via
2555 663 2660 748 gia
2718 662 2934 727 scritta
2991 685 3102 748 per
3147 671 3325 748 poter

363 733 484 785 Jula
516 737 621 786 1.2
661 768 863 832 uscire
909 767 974 832 di
1020 791 1165 855 qua,
1211 777 1273 833 et
1318 769 1526 834 subito
1574 769 1714 833 nell'
1751 770 1951 834 uscire
1998 771 2047 832 si
2096 768 2401 855 expedira
2446 792 2557 856 per
2604 770 2750 855 ogni
2797 768 3009 834 banda
3049 771 3325 853 certiori,

379 884 523 938 duni
549 889 626 939 ,99
663 874 937 938 secondo
986 877 1052 939 fu
1100 878 1313 941 scritto
1360 875 1561 941 l'altro
1625 876 1778 941 hieri
1812 879 1895 961 ¹);
1965 876 2030 940 di
2090 876 2278 941 modo
2336 874 2451 940 che
2511 899 2748 941 ancora
2808 876 2874 941 di
2921 875 2983 940 la
3028 878 3080 941 si
3125 876 3326 941 dovra

657 982 792 1045 sare
824 980 865 1044 il
897 981 1259 1065 medesimo‚
1306 985 1370 1047 in
1418 983 1604 1048 modo
1650 985 1801 1071 pero
1848 983 1964 1048 che
2010 1007 2137 1048 non
2184 984 2235 1047 si
2281 983 2485 1048 faccia
2529 985 2788 1070 strepito
2836 985 2914 1048 ne
2963 985 3013 1048 si
3046 982 3325 1071 publicbi

660 1086 721 1151 la
767 1111 914 1153 cosa
959 1112 1072 1175 per
1119 1092 1343 1156 niente.
1437 1098 1499 1155 et
1541 1092 1607 1155 in
1655 1114 1806 1156 vero
1853 1092 1887 1154 ὸ
1936 1090 2127 1156 molto
2175 1090 2258 1155 da
2302 1091 2651 1171 advertire,
2710 1090 2938 1178 perche
2997 1114 3125 1178 qua
3170 1114 3323 1157 sono
3378 1101 3413 1155 5

660 1195 850 1259 molto
896 1195 1114 1261 lettere
1161 1197 1227 1262 di
1275 1197 1638 1285 particulari
1685 1199 1800 1263 che
1845 1198 2059 1262 danne
2105 1200 2280 1263 aviso
2326 1222 2366 1262 a
2413 1197 2646 1263 diversi
2694 1198 2809 1263 che
2853 1197 2899 1261 li
2930 1199 2982 1263 si
3014 1200 3178 1263 tiene
3209 1197 3324 1263 che

659 1301 888 1366 Nostro
936 1303 1167 1390 Signor
1225 1306 1428 1370 faccia
1491 1305 1632 1392 lega
1687 1329 1804 1370 con
1852 1305 1982 1370 Sua
2027 1304 2271 1370 Maesta
2318 1313 2537 1370 contra
2582 1305 2627 1370 li
2674 1304 2929 1370 heretici
2957 1306 3040 1392 ¹²),
3100 1314 3163 1370 et
3209 1305 3325 1371 che

660 1411 789 1474 Sua
836 1411 1081 1476 Santita
1129 1414 1188 1477 ei
1236 1414 1419 1477 viene
1464 1411 2196 1498 gagliardissimamente.

836 1518 922 1582 Et
978 1518 1214 1605 perche
1276 1521 1325 1584 si
1387 1522 1608 1586 scrisse
1671 1519 1786 1584 che
1844 1521 1977 1586 Sua
2036 1519 2281 1584 Maesta
2339 1518 2689 1604 disegnava
2749 1518 2814 1583 di
2875 1519 3224 1607 adoperare
3280 1519 3322 1585 il

662 1625 945 1690 cardinal
1006 1626 1364 1713 d'Augusta
1435 1651 1547 1714 per
1605 1636 1864 1692 trattare
1937 1650 2054 1692 con
2114 1627 2156 1692 il
2217 1626 2387 1691 duca
2452 1626 2516 1690 di
2579 1626 2882 1708 Baviera,
2953 1626 3324 1692 desiderano
3347 1639 3415 1690 10

659 1730 816 1797 ehe’l
890 1732 1128 1798 habbia
1185 1756 1421 1799 ancora
1480 1758 1565 1799 un
1641 1735 1832 1800 breve
1901 1735 1969 1799 di
2037 1734 2345 1800 credenza
2403 1734 2467 1798 di
2527 1733 2660 1799 Sua
2720 1733 2996 1815 samita,
3066 1734 3325 1800 acioche

662 1848 910 1925 potesse
943 1850 1204 1906 trattare
1251 1844 1314 1906 in
1361 1865 1545 1907 nome
1592 1843 1671 1907 de
1716 1843 1886 1908 l'uno
1932 1850 1996 1907 et
2041 1842 2120 1907 de
2166 1840 2386 1907 l'altr0.
2479 1849 2699 1927 questo
2747 1863 2847 1905 me
2892 1839 3017 1905 l’ha
3061 1841 3235 1906 detto
3282 1841 3324 1905 il

659 1947 980 2013 cardinale
1040 1956 1101 2014 et
1156 1971 1279 2013 non
1329 1947 1489 2013 altri.
1583 1973 1648 2015 se
1695 1951 1825 2016 Sua
1871 1950 2119 2015 Santita
2163 1958 2226 2014 et
2273 1949 2347 2013 V.
2397 1949 2457 2013 S.
2508 1949 2635 2012 Rm
2692 1948 3149 2033 giudicaranno
3212 1947 3327 2013 che

657 2055 752 2118 sia
799 2053 977 2138 bene,
1026 2056 1271 2121 saccino
1318 2056 1590 2121 secondo
1637 2056 1753 2122 che
1798 2056 1857 2122 16
1902 2057 2150 2122 dettara
2196 2056 2257 2121 la
2302 2056 2639 2143 prudentia
2685 2055 2819 2120 loro
2846 2058 2919 2141 ³).

833 2161 886 2226 ll
935 2164 1221 2248 predetto
1285 2162 1606 2229 cardinale
1669 2163 1980 2229 vorrebbe
2026 2162 2264 2229 faculta
2310 2162 2375 2227 di
2420 2171 2600 2249 poter
2645 2164 3011 2249 impegnare
3059 2161 3324 2248 qualche
3349 2171 3413 2226 15

652 2293 797 2334 cosa
844 2269 944 2334 del
994 2294 1106 2335 suo
1155 2277 1512 2354 vescovat0‚
1574 2273 1758 2337 etiam
1821 2271 2099 2358 capitulo
2160 2294 2286 2336 non
2347 2271 2663 2357 requisito,
2723 2271 2850 2335 fine
2895 2268 3022 2334 alla
3079 2293 3325 2335 summa

652 2376 714 2440 di
778 2384 984 2442 trenta
1045 2376 1219 2441 milia
1287 2377 1492 2443 fiorini
1563 2402 1681 2443 eon
1751 2402 2075 2467 promessa
2143 2378 2209 2442 di
2278 2375 2632 2460 riscoterla3
2714 2391 2777 2442 et
2856 2376 3168 2442 vorrebbe
3236 2377 3323 2464 gli

653 2485 819 2548 fusse
868 2484 1220 2549 eonceduto
1267 2484 1534 2572 qualche
1581 2486 1860 2568 decima,
1921 2486 2037 2551 che
2095 2487 2160 2551 di
2218 2493 2379 2551 tutto
2427 2485 2478 2549 si
2548 2483 2858 2549 vorrebbe
2919 2486 3153 2550 servire
3213 2508 3326 2572 per

655 2591 864 2655 aiutar
911 2589 972 2655 la
1031 2593 1319 2678 impresa.
1401 2591 1716 2658 voi-rebbe
1777 2616 2017 2658 ancora
2064 2617 2149 2657 un
2196 2591 2390 2658 breve
2452 2593 2536 2656 da
2580 2599 2760 2679 poter
2807 2599 3066 2657 trattarc
3115 2615 3234 2656 con
3281 2590 3324 2655 li

804 2897 839 2959 ι)
892 2897 1009 2966 Vyl.
1049 2898 1169 2952 eine
1203 2898 1572 2967 aleiehzeitiye
1610 2898 1883 2966 Depesche
1919 2898 2294 2968 Miynanellos
2340 2899 2484 2963 (rom
2522 2900 2592 2965 1.)
2644 2916 2722 2951 an
2767 2898 3009 2952 Fas-mee
3057 2898 3121 2951 in
3156 2898 3323 2952 Arch.
3341 2897 3413 2950 21)

664 2987 784 3039 Vat.
827 2986 1046 3041 Lettere
1075 2987 1129 3040 di
1171 2986 1407 3057 principi
1447 2987 1550 3040 vol.
1585 2990 1650 3041 13
1689 2988 1779 3041 fol.
1814 2987 2041 3041 175⁸-b1
2081 2988 2187 3054 Qui
2217 2987 2263 3041 si
2293 2988 2516 3042 attende
2553 3005 2588 3042 a
2625 2988 2905 3042 consultat
2942 2987 2995 3040 la
3032 2986 3208 3042 forma
3235 2987 3322 3041 del

653 3092 867 3130 recesso
906 3094 1006 3130 eon
1047 3072 1290 3141 celerita,
1328 3082 1385 3129 et
1422 3076 1626 3130 bomini
1663 3077 1820 3146 gravi
1857 3078 1929 3130 mi
1969 3077 2152 3130 hanno
2188 3076 2341 3130 detto
2379 3078 2482 3131 che
2519 3078 2573 3132 la
2610 3074 2736 3131 sara
2782 3078 2838 3130 in
2876 3077 3036 3130 modo
3074 3077 3177 3131 che
3215 3076 3321 3131 Lu·

651 3166 865 3219 therani
905 3166 949 3219 si
989 3172 1453 3229 contenta-annm
1501 3166 1539 3219 il
1578 3166 1678 3221 che
1716 3164 1826 3237 pao
1864 3166 2146 3236 procedet,
2183 3163 2408 3236 perche,
2456 3167 2691 3221 secondo
2739 3167 2812 3220 mi
2850 3166 2971 3220 dice
3010 3165 3325 3235 monsignor

649 3254 899 3321 Vei-allo,
945 3272 1046 3324 per
1083 3272 1188 3308 non
1228 3255 1469 3324 scopi-ire
1507 3256 1542 3308 il
1584 3256 1875 3326 maneggio
1914 3255 2028 3310 Sua
2067 3252 2281 3309 Maesta
2320 3256 2408 3309 nel
2445 3272 2662 3311 recenso
2701 3256 2858 3310 vuole
2900 3254 3220 3309 transferire
3265 3254 3320 3308 in

648 3361 959 3414 apparenza
996 3351 1194 3414 questa
1231 3343 1381 3398 dieta
1418 3345 1472 3398 in
1512 3363 1584 3399 un
1624 3345 1916 3415 colloquiO,
1954 3346 2091 3399 dove
2138 3344 2478 3400 Protestanti
2516 3344 2735 3415 possino
2775 3343 3047 3398 mandare.
3125 3350 3182 3397 et
3218 3360 3320 3398 con
3342 3343 3414 3397 25

650 3440 846 3503 questo
884 3433 1064 3488 colore
1117 3450 1289 3504 pensa
1334 3451 1369 3488 a
1414 3434 1620 3505 partire
1658 3434 1712 3487 di
1763 3450 1874 3504 qua
1921 3450 2084 3487 senza
2133 3434 2364 3504 strepitu
2415 3440 2471 3488 et
2518 3450 2624 3488 non
2675 3450 2824 3487 esser
2859 3440 3160 3503 prevenuto
3196 3432 3322 3486 nell’

650 3540 814 3576 arme.
891 3522 944 3576 in
984 3529 1180 3594 questo
1220 3540 1402 3591 mezo,
1453 3522 1675 3577 intendo
1726 3523 1817 3576 dal
1857 3522 2102 3577 cardinal
2139 3522 2486 3594 d'Augusta‚
2537 3523 2572 3576 li
2623 3522 2846 3577 corrieri
2893 3522 3190 3576 volan-anuo
3227 3538 3325 3591 per

650 3618 814 3680 tutte,
851 3619 908 3666 et
945 3613 1255 3680 volan-anno,
1294 3609 1496 3683 perche
1534 3611 1647 3667 Sua
1679 3609 1895 3666 Maesta
1945 3611 2131 3666 subito
2178 3613 2282 3668 che
2333 3609 2460 3666 sara
2509 3613 2565 3667 in
2597 3612 2846 3679 Baviera„
2885 3612 3045 3666 vuole
3082 3612 3323 3682 scoprire

650 3700 940 3771 l'impresa.
984 3731 1046 3739 —
1088 3702 1196 3755 Am
1232 3706 1287 3756 2.
1324 3700 1606 3756 schrieben
1645 3701 1735 3754 die
1772 3702 2033 3755 Nuntien
2065 3703 2395 3770 qemeinaam
2432 3720 2509 3755 an
2549 3702 2637 3755 die
2674 3701 3145 3770 Komilsleyaten,
3185 3701 3320 3754 ‹ilm-

650 3790 776 3856 lich,
814 3791 945 3844 aber
981 3792 1080 3845 mit
1120 3791 1616 3845 bemerkenswerter
1654 3791 2114 3861 Zumckhaltuny
2152 3792 2225 3845 im
2265 3792 2664 3860 Hauptptmkt.
2741 3790 2824 3845 Ea
2869 3786 3023 3857 hetsst
3072 3807 3184 3843 nm·
3221 3790 3415 3845 che30

649 3880 917 3934 s’attende
955 3897 1058 3935 con
1095 3880 1224 3951 ogni
1263 3879 1551 3951 diligentia
1586 3896 1620 3934 a
1657 3879 1953 3935 consultar’
2007 3880 2061 3934 13
2105 3880 2283 3934 forma
2328 3880 2383 3933 di
2438 3898 2510 3934 un
2552 3896 2797 3945 necesso,
2847 3880 2902 3933 la
2939 3880 3101 3950 quale
3137 3880 3320 3935 alcuni

648 3970 845 4024 dicano
882 3969 985 4024 che
1022 3970 1076 4025 13
1113 3966 1334 4039 piacera
1382 3987 1417 4023 a
1468 3969 1789 4023 Lutherani.
1864 3969 2240 4023 attendaremo
2290 3969 2345 4023 in
2393 3970 2521 4040 ogni
2574 3986 2705 4024 cosa
2751 3968 2944 4023 vedere
2995 3969 3030 4022 li
3080 3969 3321 4024 successi

648 4067 721 4126 et,
759 4077 913 4113 come
951 4059 994 4112 si
1036 4059 1134 4126 sia,
1173 4059 1219 4112 si
1257 4056 1368 4128 pub
1406 4075 1626 4128 sperare
1665 4058 1769 4112 che
1806 4065 2003 4128 questo
2055 4064 2324 4113 convento
2373 4056 2459 4112 fra
2507 4058 2671 4128 pochi
2720 4057 2897 4127 giorni
2949 4057 2994 4110 si
3032 4053 3319 4111 disolvera.

647 4156 703 4202 et
753 4148 804 4202 io
853 4148 1027 4202 Fabio
1076 4165 1160 4200 me
1210 4164 1278 4201 ne
1329 4145 1485 4201 verro
1535 4165 1567 4201 a
1614 4147 1864 4218 gion-nate
1916 4159 1974 4201 et
2022 4164 2122 4218 per
2169 4146 2353 4201 strade
2400 4147 2580 4201 sicui-e
2629 4163 2662 4198 a
2712 4144 2876 4199 basar
2927 4146 2981 4199 la
3018 4164 3178 4200 mano
3214 4147 3321 4201 3116

649 4236 702 4290 S.
760 4235 827 4289 V.
886 4235 1006 4288 ΒΜ
1067 4236 1201 4291 mmo
1259 4243 1315 4291 et
1371 4237 1500 4290 atar'
1557 4253 1661 4291 con
1718 4237 1833 4290 loro
1887 4237 2126 4307 qualche
2179 4236 2372 4307 giorno
2428 4242 2584 4290 tanto
2636 4235 2758 4290 c'ho
2814 4236 3195 4290 commissione
3251 4236 3411 4290 ‹1st35

648 4325 882 4394 patroni.
922 4342 1084 4396 spero
1121 4326 1344 4380 arrivar'
1381 4328 1436 4381 in
1477 4326 1685 4380 Trento
1723 4342 1880 4380 verso
1916 4325 1972 4380 la
2008 4325 2117 4380 fine
2153 4326 2208 4381 di
2247 4325 2435 4397 luglio.
2517 4323 2665 4395 Oriy.
2704 4323 2945 4379 Florenz
2991 4325 3156 4380 Carte
3193 4325 3319 4382 Cer-

647 4414 753 4467 vin.
794 4416 881 4483 15,
920 4415 1002 4469 78.

790 4504 831 4571 ²)
880 4504 993 4573 Vyl.
1035 4504 1336 4574 Capilupoa
1375 4504 1771 4574 Mitteilunyen
1809 4503 1931 4557 und
1966 4503 2425 4560 Raisonnemmts
2462 4521 2583 4559 vom
2620 4507 2696 4557 30
2732 4504 2875 4558 Juni
2923 4504 3010 4570 (in
3047 4503 3153 4559 den
3191 4504 3319 4558 Bei-

649 4594 829 4661 layen)
865 4595 1025 4648 sowie
1063 4593 1168 4647 den
1217 4594 1438 4649 Bericht
1486 4593 1581 4647 des
1628 4593 1937 4647 bairischen
1990 4595 2240 4663 Ayenten
2278 4594 2437 4664 Gryn
2474 4604 2619 4657 (vom
2661 4596 2695 4647 7
2729 4593 2904 4660 Juzi),
2954 4594 3181 4647 wonach
3231 4594 3321 4648 die

646 4683 890 4750 Spanier
927 4683 1023 4736 der
1059 4683 1418 4737 kaiser-lichen
1456 4682 1825 4750 Hofhaltunq
1862 4681 2005 4746 offen
2040 4687 2250 4750 saqten,
2291 4682 2388 4736 der
2423 4682 2628 4735 Kaisar
2663 4683 2813 4737 wolle
2849 4682 2940 4736 die
2970 4683 3316 4737 Lutheraner
3340 4682 3413 4735 40

651 4773 927 4840 rcrtilyen.
1001 4790 1045 4825 υ.
1091 4772 1313 4836 Drnffel
1349 4772 1426 4825 II
1455 4788 1538 4824 nr.
1578 4774 1669 4823 20.
2773 4752 2791 4766 ’

791 4861 829 4929 ³¹)
869 4862 989 4915 Ein
1023 4862 1227 4916 solclccs
1265 4863 1437 4916 Breve
1474 4861 1665 4930 eryinq
1705 4877 1794 4913 αηι
1839 4864 1870 4912 7
1906 4859 2224 4928 September,
2261 4877 2301 4914 s.
2340 4878 2394 4913 u.
2434 4876 2503 4913 zu
2542 4877 2625 4914 nr.
2667 4864 2753 4914 62.
