3859 5575
669 449 781 518 616
1678 454 1777 511 No.
1815 458 1909 512 4¹⁸²:
1951 456 2089 513 1545
2123 445 2250 513 juni
2287 447 2336 512 7.

463 660 603 741 15415
675 652 764 719 6’6
803 652 1160 718 coadunata
1205 651 1309 716 un'
1341 653 1582 717 infinita
1631 651 1693 716 di
1742 655 1948 738 questi
2000 652 2263 717 heretici
2303 661 2368 717 et
2398 675 2551 739 pare
2582 676 2707 717 non
2743 654 3003 739 voglino
3035 651 3348 721 desistere

425 729 571 783 ‘'m‘'
609 730 643 782 ⁷
677 761 847 827 dalla
892 760 990 825 lor
1046 782 1249 846 prava
1306 760 1682 846 oppenione.
1775 758 1942 824 onde
1988 765 2131 825 sara
2176 761 2532 824 necessario
2579 758 2710 825 Sua
2753 759 3010 824 Maesta
3053 763 3113 826 ci
3159 764 3345 847 pensi

428 1844 573 1899 me‘
605 1849 641 1897 4

501 3452 632 3507 Mai

488 3528 538 3578 9.
566 3527 642 3580 24

678 877 743 933 et
787 869 847 933 ci
894 865 1256 954 provveda:
1306 864 1803 952 agg-iugnendosi
1848 889 1885 930 a
1932 875 2158 953 questo
2203 865 2449 931 l’haver
2491 888 2819 952 promesso
2865 889 2904 931 a
2934 869 3084 952 quei
3125 869 3344 954 popoli

677 976 736 1040 el
783 998 899 1040 suo
944 976 1201 1053 ritornO,
1247 971 1502 1060 quando
1547 979 1719 1059 parti
1764 973 1831 1038 di
1876 974 1956 1037 la„

852 1080 1171 1147 Existimo
1203 1078 1759 1145 medesimamente
1806 1080 1871 1163 (il
1917 1079 2036 1144 che
2065 1085 2211 1143 sara
2240 1078 2466 1144 d'altra
2495 1078 2872 1165 digestione)
2920 1081 3038 1146 che
3069 1080 3344 1146 l’essersi
3406 1101 3448 1154 5

677 1188 938 1253 lasciata
981 1185 1315 1252 intendere
1361 1185 1427 1251 di
1475 1186 1692 1252 volere
1739 1185 1857 1251 che
1901 1187 1966 1250 10
2012 1193 2182 1251 stato
2230 1186 2296 1250 di
2328 1186 2684 1253 Bransvich
2732 1189 2827 1252 sia
2870 1186 3231 1275 depositato
3279 1191 3345 1254 in

676 1319 793 1361 sua
836 1318 1024 1360 mano
1070 1317 1185 1380 per
1229 1293 1625 1359 deliberarne
1672 1293 1738 1357 di
1784 1295 2058 1373 iustitia,
2115 1292 2204 1379 gli
2250 1292 2405 1358 dara
2449 1293 2534 1359 da
2579 1316 2881 1381 pensare,
2936 1296 3170 1381 perche
3215 1318 3348 1359 non

677 1402 870 1468 credo
914 1402 1033 1466 che
1093 1402 1451 1485 lantgravio
1468 1450 1484 1480 ,
1544 1399 1588 1464 il
1648 1401 1834 1486 quale
1881 1423 1961 1465 ne
2007 1403 2180 1465 tiene
2226 1400 2288 1464 la
2333 1403 2617 1486 maggior
2660 1409 2873 1488 parte,
2919 1408 2998 1467 116
3044 1400 3347 1467 Sassonia

675 1517 755 1575 ne
802 1510 844 1573 ’1
890 1509 1056 1575 duca
1101 1508 1425 1587 MauritiO,
1471 1506 1573 1572 ch'
1619 1529 1949 1595 occupano
1998 1507 2041 1572 il
2087 1517 2291 1588 reste,
2344 1510 2522 1573 sieno
2568 1531 2683 1595 per
2727 1508 3017 1575 lasciarlo
3064 1515 3201 1574 cosi
3245 1509 3350 1573 fa-

677 1617 990 1683 cilmente.
1082 1615 1248 1680 onde
1307 1621 1449 1681 sara
1508 1624 1859 1680 constretta
1920 1613 2053 1680 Sua
2110 1615 2366 1679 Maesta
2425 1612 2672 1680 d’usare
2731 1616 2790 1680 le
2850 1616 3057 1698 forae,
3116 1617 3161 1681 il
3222 1615 3345 1681 che
3367 1636 3442 1689 10

677 1747 873 1791 ancor
917 1746 1033 1810 per
1077 1724 1272 1788 molte
1319 1744 1509 1787 cause
1557 1724 1611 1788 si
1656 1721 1925 1786 rendera
1971 1722 2250 1787 difficile.
2341 1720 2767 1788 ritrovandosi
2827 1725 2895 1787 in
2941 1733 3168 1810 questa
3211 1747 3348 1789 am-

678 1832 917 1918 biguita
963 1839 1029 1897 et
1075 1830 1344 1915 travagli
1389 1828 1812 1915 l’imperatore
1826 1878 1844 1909 ,
1901 1828 2116 1913 voglio
2173 1827 2433 1893 credere
2479 1827 2708 1895 ch'una
2766 1828 3047 1895 staffetta
3092 1830 3348 1917 spedita

677 1948 772 2004 tre
819 1940 1023 2024 giomi
1070 1959 1229 2001 60110
1276 1939 1342 2001 111
1388 1943 1634 2002 secreto
1666 1958 1705 2000 a
1735 1934 2052 2000 Mantova
2079 1934 2242 2000 fussi
2273 1934 2506 2021 perche
2536 1935 2577 1999 'l
2610 1937 2825 2020 signer
2854 1935 2982 2002 don
3017 1936 3346 2003 Ferrando

678 2044 983 2130 Gonzaga
1028 2046 1082 2110 si
1128 2042 1518 2109 transferissi
1566 2066 1603 2106 a
1649 2050 1872 2129 questa
1917 2051 2124 2121 corte,
2184 2042 2299 2107 che
2353 2044 2462 2129 gia
2504 2041 2655 2108 n'ho
2702 2044 2972 2130 qualche
3018 2044 3213 2110 odore
3259 2045 3349 2110 da

678 2176 951 2241 persona
1009 2151 1170 2217 che'l
1229 2157 1357 2237 puo
1418 2172 1639 2237 sapere
1656 2174 1673 2230 ;
1734 2157 1798 2214 et
1855 2152 1941 2212 mi
2000 2171 2155 2235 pare
2218 2150 2559 2215 verisimile
2616 2151 3044 2218 ritrovandosi
3106 2152 3347 2219 Cesare
3371 2171 3441 2225 15

678 2266 815 2326 6061
863 2260 1017 2324 sole.
1100 2266 1164 2322 et
1210 2279 1361 2344 pare
1408 2257 1527 2322 che
1572 2259 1626 2321 si
1661 2259 1832 2321 stimi
1881 2255 2342 2341 (giudicandosi
2390 2259 2501 2345 piu
2550 2257 2633 2324 da
2680 2259 2948 2346 qualche
2994 2262 3348 2326 coniettura

678 2367 798 2432 che
844 2364 928 2430 da
972 2365 1199 2430 alcuna
1244 2372 1421 2429 certa
1464 2366 1850 2450 cognitione)
1911 2364 2032 2428 che
2091 2363 2157 2429 la
2214 2363 2471 2429 Maesta
2516 2363 2649 2430 Sua
2693 2366 2972 2432 harebbe
3018 2370 3086 2433 in
3132 2371 3346 2433 animo

677 2472 745 2536 di
792 2494 918 2537 non
965 2472 1176 2537 volere
1224 2472 1335 2557 piu
1381 2478 1755 2557 sopportare
1801 2469 2117 2557 l’iniquita
2172 2469 2235 2535 di
2298 2474 2504 2557 questi
2554 2469 2894 2554 Luterani,
2955 2474 3077 2540 che
3135 2496 3203 2539 se
3264 2498 3346 2541 ne

678 2601 890 2645 vanno
936 2581 1001 2642 in
1048 2578 1290 2642 infinito
1338 2600 1457 2641 con
1504 2578 1701 2642 molta
1748 2600 1863 2641 sua
1908 2575 2237 2662 indignita.
2328 2586 2393 2641 et
2438 2580 2492 2642 si
2540 2602 2623 2644 va
2667 2577 3084 2646 vociferando
3130 2580 3249 2647 che
3284 2585 3342 2647 ci

677 2689 775 2752 sia
819 2684 1086 2772 qualche
1133 2694 1380 2750 secreta
1426 2684 1843 2770 intelligentia
1899 2684 2001 2749 fra
2046 2681 2176 2749 Sua
2221 2682 2470 2749 Santita
2527 2694 2593 2749 et
2645 2686 2708 2751 la
2752 2685 3006 2752 Maesta
3050 2687 3443 2769 Cesarea‚20

676 2792 1175 2880 raccogliendosi
1209 2816 1322 2879 per
1368 2794 1542 2858 varie
1588 2795 1694 2857 vie
1740 2792 1860 2857 che
1908 2792 1971 2857 di
2021 2792 2228 2857 Roma
2258 2790 2562 2878 s'aspetta
2593 2794 2976 2859 resolutione
3007 2794 3074 2860 di
3105 2795 3344 2881 grande

678 2902 1100 2989 importantia.
1163 2906 1316 2988 pero
1363 2921 1480 2965 6011
1525 2907 1687 2963 tutte
1734 2921 1883 2964 cose
1931 2899 2049 2964 che
2097 2901 2151 2963 si
2195 2899 2540 2984 giudicono
2587 2899 2672 2965 da
2700 2901 2968 2988 qualche
3000 2903 3345 2969 verisimile

679 3018 747 3074 et
789 3031 919 3073 11011
957 3006 1042 3072 (16
1091 3029 1241 3072 vera
1286 3008 1585 3085 scientia3
1645 3006 1878 3092 perche
1923 3005 2179 3091 quando
2225 3006 2390 3072 bene
2436 3006 2498 3071 la
2540 3016 2754 3072 mente
2800 3007 2865 3072 di
2913 3008 3046 3075 Sua
3091 3009 3346 3075 Maesta

677 3116 854 3180 fusse
900 3114 968 3180 di
1014 3135 1140 3178 non
1187 3123 1584 3201 comportare
1630 3112 2015 3178 l’insolentia
2059 3112 2125 3177 di
2173 3116 2380 3199 questi
2429 3115 2686 3199 signori,
2731 3137 2860 3180 non
2905 3118 2960 3181 si
3019 3116 3184 3183 vede
3230 3140 3348 3204 per

679 3231 905 3309 questo
968 3245 1134 3288 anno
1192 3222 1559 3307 provisione
1620 3219 1704 3285 da
1763 3228 1949 3307 poter
2006 3229 2254 3285 tentare
2314 3220 2502 3286 simili
2562 3224 2868 3309 imprese,
2924 3222 3233 3289 ancorche
3288 3228 3343 3289 si
3365 3240 3439 3293 25

679 3329 984 3397 confermi
1032 3330 1090 3394 el
1134 3329 1347 3394 Turco
1393 3350 1522 3393 non
1569 3349 1870 3393 muovere
1916 3349 2031 3414 per
2085 3336 2253 3393 terra
2298 3334 2376 3392 ne
2429 3350 2547 3414 per
2604 3352 2776 3396 mare
2822 3338 2888 3394 et
2932 3333 2988 3395 si
3035 3332 3343 3398 certifichi

680 3460 795 3525 per
838 3461 924 3502 un
970 3437 1203 3502 huomo
1251 3436 1315 3500 di
1364 3435 1665 3515 Francia,
1724 3437 1958 3522 partito
2014 3435 2120 3500 alli
2182 3447 2219 3503 9
2277 3434 2380 3500 (161
2438 3447 2699 3523 passato
2744 3436 3234 3525 d'Andrinopoli
3279 3448 3346 3505 et

680 3547 956 3611 arrivato
1004 3544 1109 3608 alli
1161 3552 1243 3609 24
1291 3542 1396 3608 del
1443 3541 1790 3608 medesime
1836 3545 1900 3607 in
1948 3541 2232 3609 Venetia
2279 3551 2346 3607 et
2389 3542 2603 3608 subito
2664 3545 2728 3608 in
2776 3544 3105 3631 diligentia
3150 3546 3347 3613 anda-

676 3662 897 3718 tosene
944 3651 1051 3717 dal
1095 3651 1357 3731 Cristm,
1402 3650 1446 3714 il
1493 3651 1678 3737 quale
1726 3650 1833 3715 all'
1877 3652 2088 3716 arrivo
2135 3649 2239 3714 del
2287 3650 2536 3736 prefato
2583 3650 2666 3715 ha
2710 3653 2951 3716 inviato
3008 3676 3096 3717 un
3144 3675 3259 3718 suo
3307 3678 3346 3718 a

678 3760 931 3839 Cesare,
978 3759 1097 3824 che
1144 3762 1281 3845 (per
1325 3767 1561 3845 quanto
1609 3760 1906 3843 ritraggo)
1953 3755 2253 3821 l'informi
2303 3756 2408 3822 del
2453 3761 2787 3843 negociato
2834 3757 2932 3823 col
2966 3758 3196 3840 Turco,
3226 3759 3346 3825 che
3364 3775 3438 3828 30

676 3868 987 3956 potrebbe
1035 3874 1375 3933 contenere
1422 3866 1484 3930 la
1529 3872 1812 3929 certezza
1856 3886 1894 3928 o
1944 3864 2145 3928 ferma
2189 3887 2494 3950 speranza
2539 3863 2607 3929 di
2652 3873 2902 3950 tregua:
2964 3875 3030 3931 et
3074 3870 3160 3930 mi
3190 3890 3346 3954 pare

677 3975 795 4041 che
856 3976 900 4039 li
960 3976 1193 4040 oratori
1239 3972 1540 4037 Franzesi
1590 3973 1870 4037 exaltino
1931 3980 1995 4036 et
2053 3972 2500 4056 magnifichino
2563 3972 2622 4037 el
2677 3995 2743 4036 re
2790 3995 2968 4038 come
3015 3983 3235 4039 autore
3283 3985 3348 4039 et

676 4082 1026 4172 principale
1073 4082 1241 4147 della
1286 4089 1526 4166 tregua,
1573 4081 1634 4145 la
1679 4079 1863 4165 quale
1912 4082 2181 4165 imperta
2230 4081 2393 4145 assai
2443 4102 2561 4165 per
2602 4080 2666 4143 la
2711 4079 2968 4165 publica
3015 4081 3217 4147 salute
3264 4081 3346 4147 de

677 4190 995 4257 Cristiani.

855 4298 1047 4363 Della
1091 4296 1264 4361 dieta
1310 4319 1433 4360 11011
1481 4297 1538 4360 61
1582 4299 1713 4381 pub
1761 4297 2039 4360 scrivere
2086 4294 2280 4374 altro,
2340 4317 2408 4358 se
2469 4316 2595 4359 non
2658 4293 2774 4359 che
2833 4294 2880 4359 li
2926 4297 3342 4361 commissarii
3364 4309 3436 4364 35

675 4407 757 4472 de
803 4407 1192 4471 Protestanti
1241 4405 1295 4468 si
1342 4411 1569 4468 stanno
1616 4403 1779 4468 nelle
1825 4400 2169 4467 medesime
2214 4403 2350 4467 loro
2399 4401 2843 4466 deliberationi
2890 4424 3081 4467 senza
3125 4406 3344 4468 venire

676 4538 715 4580 a
760 4514 1170 4580 conclusione
1217 4511 1444 4577 alcuna
1491 4520 1558 4577 et
1600 4510 1644 4574 li
1691 4511 1788 4575 lor
1832 4512 2084 4597 patroni
2131 4509 2252 4574 alle
2298 4532 2446 4574 case
2490 4510 2653 4591 1010,
2712 4532 2839 4574 11011
2901 4510 3230 4597 pensando
3278 4510 3344 4576 di

676 4624 1013 4701 muoversi‚
1061 4644 1128 4686 66
1178 4621 1302 4686 11611
1347 4618 1769 4706 l'imperatore
1816 4640 1938 4683 con
1985 4626 2151 4683 tutta
2195 4617 2258 4682 la
2316 4640 2432 4682 sua
2491 4615 2977 4704 indispositione
3023 4623 3057 4681 6
3105 4628 3345 4682 venuto

675 4731 739 4796 di
771 4729 1052 4796 Fiandra
1098 4753 1136 4793 6
1181 4726 1524 4796 Vormatia
1571 4750 1685 4813 per
1730 4725 1845 4791 dar
1890 4725 2096 4790 forma
2142 4735 2207 4789 et
2236 4725 2456 4811 regula
2485 4749 2524 4790 a
2555 4727 2715 4789 tanti
2749 4724 3075 4805 ‹lisordini‚
3121 4727 3139 4787 i
3173 4726 3342 4811 quali

675 4841 819 4924 ogni
868 4841 1093 4922 giorno
1142 4848 1232 4918 (66
1279 4835 1425 4900 Idio
1474 4857 1599 4898 non
1647 4837 1704 4898 ci
1755 4842 1947 4898 mette
1995 4834 2057 4898 la
2103 4835 2309 4914 mano)
2370 4831 2694 4897 andranno
2741 4830 3240 4917 multiplicando.
3362 4844 3436 4898 40
