3859 5575
435 653 575 703 1545

420 722 534 775 Okt.
565 725 602 774 8

448 794 571 860 (10)

636 447 745 508 326
1518 447 1614 506 No,
1654 454 1720 508 67
1738 475 1751 508 :
1793 450 1927 507 1545
1968 449 2267 510 0111611618
2305 454 2432 522 (10).

639 669 825 711 16666
874 646 1110 711 dissero
1158 645 1273 711 che
1321 670 1360 711 a
1405 646 1535 712 Sua
1583 647 1828 713 Maesta
1872 673 1998 714 non
2047 674 2285 737 pareva
2333 651 2450 715 6116
2498 650 2556 714 16
2603 658 2792 717 stesse
2839 655 2902 715 in
2950 653 3138 719 modo
3186 653 3300 719 che

636 752 700 817 la
730 755 780 816 si
814 761 1058 838 potesse
1089 754 1388 839 expedire
1436 776 1626 819 senza
1671 756 2039 820 reformarla
2080 767 2142 821 et
2185 758 2629 822 raeconcia1·la.
2722 766 2785 824 et
2830 760 3300 846 rispondendoli

637 862 742 925 noi
806 859 1012 926 subito
1073 860 1188 925 che
1248 863 1305 925 ci
1365 861 1926 948 maravigliavamo
1976 863 2039 926 di
2087 874 2339 949 questo,
2402 866 2662 930 essendo
2727 866 2843 930 6116
2896 868 2961 929 16
3010 868 3212 931 Roma
3258 867 3299 931 li

636 970 902 1033 ministri
950 969 1014 1033 di
1063 967 1196 1032 Sua
1243 968 1486 1033 Maesta
1530 968 1902 1034 l'havevano
1952 970 2141 1034 molto
2189 970 2310 1037 ben
2359 974 2523 1036 vista
2569 980 2630 1037 et
2675 974 2957 1038 discussa
3003 998 3122 1038 con
3170 975 3301 1040 Sua

637 1076 1035 1142 Beatitudine
1081 1085 1144 1140 et
1189 1078 1324 1140 suoi
1369 1078 1639 1141 ministri
1670 1079 1756 1163 ⁵²)3
1815 1086 1878 1144 et
1922 1101 2102 1143 come
2148 1101 2188 1143 a
2236 1079 2434 1144 Roma
2481 1082 2532 1144 si
2580 1089 2820 1145 tenesse
2867 1081 2982 1146 che
3024 1084 3134 1167 qui
3171 1106 3297 1146 666
3351 1097 3387 1147 5

635 1185 898 1248 havesse
943 1184 1027 1248 da
1073 1192 1324 1248 trovare
1371 1184 1605 1270 replica
1651 1185 1898 1269 alcuna,
1948 1209 2072 1251 non
2120 1189 2176 1250 ci
2224 1209 2332 1251 era
2378 1209 2567 1272 sopra
2598 1188 2695 1250 cio
2727 1195 2891 1252 stata
2937 1189 3085 1253 data
3132 1213 3296 1254 com·

635 1293 928 1356 missione
997 1290 1256 1374 alcuna,
1326 1315 1432 1356 ma
1490 1294 1539 1357 si
1602 1291 1761 1358 bene
1820 1294 2056 1358 faculta
2111 1301 2171 1358 et
2231 1295 2527 1360 mandato
2590 1295 2674 1359 da
2730 1295 2972 1382 poterla
3019 1297 3296 1362 firmare:

634 1399 784 1483 pero
832 1398 946 1463 che
992 1421 1058 1462 se
1103 1400 1169 1462 in
1217 1407 1438 1485 questa
1484 1407 1663 1484 parte
1711 1400 2165 1465 desideravano
2225 1400 2389 1482 altra
2435 1402 2874 1484 satisfattione,
2935 1402 3300 1489 bisognaria

635 1505 749 1569 6116
795 1507 846 1570 si
892 1506 1284 1570 rimandasse
1329 1529 1367 1569 a
1414 1505 1546 1571 Sua
1592 1507 1854 1590 8661116,
1902 1507 2133 1594 perche
2181 1510 2441 1573 1161666
2478 1508 2829 1574 havevamo
2863 1513 3297 1577 commissione

635 1613 714 1677 de
760 1613 1028 1679 alterare
1075 1637 1199 1700 pur
1246 1636 1371 1677 una
1417 1613 1650 1699 parola.
3317 1634 3387 1686 10

813 1719 1055 1800 Questa
1111 1722 1378 1806 risposta
1438 1744 1564 1785 non
1619 1743 1814 1807 parve
1863 1722 1979 1787 6116
2024 1720 2068 1786 11
2129 1723 2340 1787 finisse
2395 1724 2460 1788 di
2508 1724 2792 1789 satisfare
2837 1734 2898 1789 et
2945 1727 3124 1812 quasi
3172 1750 3298 1790 non

631 1827 693 1892 la
739 1829 1125 1911 credevan0‚
1189 1828 1457 1892 dicendo
1507 1827 1621 1892 6116
1668 1852 1794 1892 666
1843 1852 2160 1915 sapevano
2209 1830 2322 1895 6116
2369 1831 2433 1895 di
2482 1831 2544 1896 la
2590 1833 2638 1895 si
2686 1833 2853 1897 fusse
2899 1841 3119 1918 potuto
3166 1856 3296 1897 ore-

632 1936 780 2000 dere
839 1935 1099 2001 d'haver
1157 1935 1494 2000 accordata
1562 1959 1686 2000 una
1744 1959 1892 2000 cosa
1954 1937 2076 2002 tale
2135 1961 2252 2002 con
2313 1937 2352 2001 li
2415 1940 2680 2004 ministri
2732 1940 2810 2003 de
2856 1940 2985 2005 Sua
3034 1941 3296 2024 Maesta,

632 2042 748 2106 che
806 2066 934 2106 non
993 2066 1070 2107 ne
1130 2041 1460 2106 havevano
1521 2044 1645 2107 mai
1707 2042 1947 2108 havuta
2006 2046 2444 2109 commissione
2502 2047 2882 2132 particulare
2941 2071 3005 2112 se
3058 2070 3183 2112 non
3231 2048 3296 2112 di

633 2157 894 2215 trattare
958 2157 1021 2215 et
1078 2151 1447 2237 prattieare,
1509 2157 1571 2214 et
1631 2150 1840 2215 cb'era
1885 2175 2007 2238 pur
2053 2154 2404 2217 necessario
2455 2152 2570 2218 che
2617 2154 2747 2218 Sua
2795 2154 3039 2219 Maesta
3085 2155 3144 2220 la
3190 2179 3293 2219 ve·
3319 2169 3387 2222 15

632 2258 810 2322 desse
856 2260 1079 2344 prima.

810 2364 1204 2431 Finalmente
1252 2365 1484 2430 dissero
1533 2365 1648 2430 che
1696 2366 1778 2429 ad
1828 2367 1978 2448 ogni
2026 2366 2211 2431 modo
2260 2367 2317 2430 ci
2366 2368 2716 2432 referivano
2752 2368 2957 2455 quello
3005 2368 3119 2434 che
3166 2371 3298 2434 Sua

631 2473 875 2538 Maesta
941 2472 1190 2537 haveva
1259 2479 1473 2537 notato
1541 2471 1706 2536 66116
1776 2472 1950 2536 detta
2010 2472 2475 2559 capitulatione.
2567 2482 2630 2539 et
2689 2476 3126 2540 comineiando
3187 2476 3294 2540 dal

631 2580 953 2666 prohemio
1010 2580 1245 2644 dissero
1308 2580 1421 2643 6116
1484 2603 1610 2643 666
1670 2587 1851 2644 stava
1908 2579 2067 2645 bene
2116 2582 2194 2644 ne
2241 2604 2350 2645 era
2396 2581 2713 2645 conforme
2760 2582 2883 2646 alla
2929 2581 3190 2647 honesta
3234 2591 3296 2648 et

628 2687 754 2751 alla
801 2689 1089 2773 ragione,
1137 2688 1419 2774 parendo
1465 2709 1577 2773 per
1623 2687 1679 2751 16
1725 2686 1942 2772 parole
1989 2688 2051 2751 di
2099 2711 2237 2752 esso
2285 2687 2401 2751 6116
2447 2687 2829 2774 l’imperator
2874 2690 3041 2753 fusse
3088 2690 3292 2776 quello
3313 2704 3384 2757 20

629 2795 745 2861 6116
791 2819 979 2860 senza
1025 2803 1335 2882 aspettare
1380 2796 1541 2859 altra
1590 2793 2015 2860 declaratione
2063 2804 2281 2860 contra
2326 2795 2675 2860 Lutherani
2737 2795 2974 2861 volesse
3033 2797 3294 2883 pigliare

627 2903 874 2984 Parme,
935 2911 997 2967 et
1054 2903 1170 2968 che
1234 2903 1362 2968 Sua
1423 2902 1670 2967 Santita
1728 2904 2290 2968 accessoriamente
2354 2903 2416 2966 la
2462 2905 2736 2967 aiutasse
2768 2905 2849 2986 ¹);
2912 2903 3026 2967 6116
3074 2914 3293 2991 questo

627 3033 752 3074 non
816 3034 925 3074 era
984 3010 1191 3075 officio
1238 3010 1303 3074 di
1351 3009 1476 3073 bon
1525 3033 1591 3074 16
1639 3019 1700 3074 et
1745 3012 2122 3096 imperatore
2170 3010 2234 3074 di
2282 3009 2659 3093 Germania,
2720 3035 2825 3075 ma
2881 3011 2997 3075 che
3044 3012 3295 3077 doveva

625 3119 736 3204 pin
796 3126 956 3182 tosto
1021 3125 1187 3182 stare
1248 3116 1363 3182 che
1427 3118 1556 3181 Sua
1603 3117 1875 3199 8661116,
1940 3116 2230 3182 havendo
2293 3118 2685 3183 considerato
2751 3117 2955 3205 quello
3017 3119 3131 3184 che
3191 3120 3293 3186 nel

625 3227 907 3310 proemio
953 3248 1019 3288 se
1068 3225 1204 3288 dice
1253 3248 1456 3288 essere
1504 3247 1687 3311 parso
1735 3248 1773 3288 a
1800 3224 1929 3288 Sua
1970 3225 2230 3306 Maesta,
2280 3225 2361 3288 ha
2406 3224 2734 3290 exhortato
2782 3226 2841 3289 la
2875 3226 3117 3290 Maesta
3164 3228 3292 3293 Sua
3310 3238 3382 3293 25

625 3356 801 3396 come
848 3333 1132 3418 principe
1181 3331 1487 3396 catholico
1533 3340 1649 3395 etc.
1698 3339 1758 3395 et
1805 3354 1984 3395 corne
2046 3330 2299 3395 braccio
2347 3330 2626 3396 seculare
2672 3356 2711 3395 a
2756 3331 3020 3418 pig-liare
3075 3332 3290 3399 Parme

624 3447 775 3521 etc.;
838 3448 901 3503 et
959 3439 1073 3503 che
1119 3461 1232 3525 per
1294 3439 1354 3503 la
1413 3439 1586 3502 detta
1633 3439 1982 3524 prefatione
2029 3440 2080 3502 si
2129 3437 2357 3502 levava
2403 3439 2465 3503 la
2512 3463 2818 3525 speranza
2864 3439 2964 3504 del
3013 3441 3289 3504 remedio

623 3545 723 3610 del
772 3546 1069 3627 concilio,
1129 3546 1172 3610 il
1237 3546 1352 3611 6116
1399 3570 1524 3610 666
1574 3547 1608 3608 ὸ
1656 3547 1779 3609 1661
1830 3553 1992 3610 stato
2041 3547 2386 3611 intentione
2432 3546 2494 3610 di
2544 3547 2673 3610 8116
2721 3546 2995 3629 Maesta,
3057 3546 3288 3632 perche

765 3784 805 3831 a)
836 3781 881 3819 ot
908 3780 1109 3819 discussa
1142 3801 1186 3807 —
1217 3778 1409 3819 ministri
1441 3791 1511 3818 mu
1554 3778 1702 3817 Vtrullo
1730 3790 1798 3817 (1111
1829 3777 1975 3818 erdc
2003 3779 2317 3829 mtchqetraym.

621 3871 823 3935 (1546),
861 3869 925 3920 in
964 3867 1060 3920 der
1097 3867 1426 3933 Festschrift
1466 3867 1558 3922 des
1601 3868 1927 3922 Prorestcmt.
1971 3868 2361 3938 Gymnasium-s
2395 3886 2465 3921 zu
2494 3864 2809 3936 Sta-ostburg
2846 3870 2990 3920 1888
3026 3868 3082 3922 S.
3111 3868 3284 3933 213ῆῖ
3307 3870 3376 3924 30

620 3960 939 4025 (215-217)‚·
973 3960 1073 4025 val.
1111 3958 1201 4010 die
1239 3958 1585 4027 Einleitunq.

769 4048 804 4111 ¹)
851 4048 963 4116 Vyl.
1004 4048 1106 4099 das
1141 4063 1210 4099 zu
1248 4063 1331 4100 nr.
1373 4050 1443 4098 66
1479 4046 1808 4115 anyesv'ih-rte
1845 4047 2135 4101 Schreiben
2171 4047 2263 4099 cles
2301 4045 2533 4100 Kaisers
2570 4063 2646 4098 an
2684 4045 2755 4098 K.
2796 4046 3133 4100 Ferclinand
3168 4065 3285 4101 rom,

619 4143 691 4191 30
727 4137 952 4191 ‘Ianuar
988 4139 1156 4190 1546:
1207 4154 1306 4206 par
1358 4137 1406 4189 16
1456 4133 1776 4206 6166616616
1829 4137 1877 4189 16
1929 4154 2070 4206 pape
2120 4137 2267 4189 avoit
2318 4136 2483 4188 voulu
2520 4142 2725 4188 mectre
2763 4153 2857 4188 sur
2895 4154 3028 4189 vous
3065 4144 3120 4190 et
3161 4155 3286 4206 moy

619 4244 726 4298 que
764 4244 901 4279 nous
940 4226 1186 4279 eussions
1227 4223 1460 4296 procuro
1498 4226 1689 4279 devers
1729 4224 1801 4279 Sa
1839 4223 2109 4279 8616611111
2147 4226 2301 4280 166116
2331 4225 2619 4295 emprinsc,
2648 4242 2713 4277 611
2744 4222 3149 4294 presupposant
3178 4244 3285 4296 que

621 4317 671 4370 lc
709 4317 918 4370 concile
958 4333 1024 4369 ne
1063 4316 1309 4385 pout-roit
1345 4315 1496 4369 avoir
1534 4315 1696 4369 effect
1743 4333 1815 4384 ny
1863 4316 2131 4384 yauroit
2182 4332 2375 4384 moyen
2416 4314 2758 4385 quelconque
2809 4311 2843 4367 11
2896 4315 2949 4367 la
2998 4315 3280 4369 reduction
3303 4317 3373 4369 35

617 4406 712 4459 des
751 4406 1017 4474 desvoyez
1047 4405 1196 4458 dela
1223 4404 1334 4473 foy.
1379 4435 1442 4441 —
1482 4404 1601 4458 Der
1631 4405 1909 4470 Entwurf
1936 4404 1975 4474 ἕ
2003 4410 2030 4457 1
2066 4411 2220 4474 sayt:
2270 4405 2556 4458 riuscendo
2595 4422 2735 4458 vana
2772 4405 2826 4458 la
2862 4422 3126 4473 speranza

617 4495 671 4547 di
712 4503 900 4563 potere
939 4494 1141 4547 riunire
1179 4502 1236 4547 ct
1273 4494 1520 4564 quietare
1559 4495 1612 4547 la
1650 4493 1949 4547 Germania
1986 4512 2083 4564 per
2122 4511 2301 4547 mezzo
2340 4495 2424 4547 del
2465 4495 2697 4548 concilio
2751 4495 3054 4548 universale
3254 4490 3283 4546 6

617 4601 781 4652 pai-so
819 4583 929 4635 alla
967 4580 1182 4635 Maesta
1219 4582 1455 4636 Cesarea
1494 4625 1505 4636 .
1531 4624 1540 4635 .
1565 4624 1612 4636 ..
1652 4583 1707 4636 di
1747 4602 1851 4636 non
1892 4583 2130 4637 differ-ire
2166 4580 2263 4653 pisi
2302 4585 2370 4637 ad
2409 4584 2705 4653 adoperare
2746 4585 2794 4637 16
2832 4584 2977 4637 forze
3007 4589 3199 4636 contra
3227 4583 3281 4635 di

614 4672 730 4725 loro
938 4672 992 4724 al
1041 4672 1171 4741 qual
1221 4671 1408 4725 effetto
1455 4674 1684 4727 essendo
1735 4674 1976 4727 resoluta
2023 4674 2134 4728 Sua
2186 4670 2400 4727 Maesta
2449 4674 2503 4725 di
2559 4673 2676 4726 fare
2723 4674 2901 4726 l’anno
2951 4691 2986 4726 a
3032 4673 3214 4725 venire
3251 4690 3285 4725 6

614 4768 800 4831 tempo
839 4778 977 4814 novo
1016 4761 1252 4829 impresa
1289 4762 1344 4814 di
1381 4779 1530 4816 arme
1568 4770 1761 4817 eontra
1797 4764 1853 4816 di
1891 4762 2023 4831 lor0,
2062 4772 2118 4817 et
2155 4762 2403 4816 havendo
2440 4770 2656 4817 trovato
2695 4763 2747 4815 in
2787 4762 2900 4816 Sua
2936 4758 3153 4815 Santita
3190 4778 3279 4814 vo·
3300 4763 3371 4816 40

617 4846 774 4904 11111111
813 4849 1164 4920 prontissima
1200 4851 1253 4904 di
1294 4869 1613 4906 concorrere
1651 4870 1778 4907 seco
1814 4870 1848 4905 a
1885 4854 1995 4906 tale
2032 4854 2271 4922 impresa
2310 4893 2321 4905 .
2347 4894 2357 4904 .
2383 4893 2424 4905 ..
