3859 5575
698 438 806 524 286
1657 441 1755 499 No.
1794 445 1887 498 52:
1928 442 2068 499 1545
2105 442 2317 513 August
2352 442 2400 500 3.

496 656 636 706 1545
701 641 949 706 83111113
995 639 1111 704 3113
1158 664 1284 704 non
1334 642 1384 705 si
1431 641 1570 705 fara
1618 663 1766 705 cosa
1810 640 2074 719 alcuna,
2136 639 2367 727 perche
2422 664 2488 706 se
2548 663 2625 705 ne
2685 641 2923 706 servira
2968 641 3097 705 solo
3145 663 3256 728 per
3302 640 3361 705 la

463 728 664 793 ²¹“9‘3
700 749 958 835 ragione
1005 748 1381 834 sopradetta.
2982 799 2991 808 .

884 855 965 919 Et
1009 856 1117 942 qui
1166 855 1251 918 mi
1298 854 1468 920 dette
1513 855 1840 941 raguaglio
1887 855 1989 920 del
2037 855 2226 920 modo
2282 854 2396 928 che
2444 857 2574 920 Sua
2622 855 2865 920 Maesta
2917 854 3067 920 vuol
3127 856 3360 920 fornire

700 970 922 1050 questa
967 962 1138 1026 dieta
1182 971 1246 1026 et
1291 963 1390 1026 far
1434 961 1476 1026 il
1540 985 1814 1045 recesso‚
1875 962 1993 1027 che
2038 964 2073 1026 c
2121 962 2185 1026 di
2234 963 2543 1028 conceder
2598 972 2817 1049 questo
2883 962 3207 1049 colloquio,
3300 970 3362 1027 et

697 1069 928 1157 perche
975 1069 1015 1133 li
1064 1069 1445 1134 Protestanti
1491 1093 1618 1133 non
1665 1068 1725 1133 lo
1774 1069 2066 1155 vogliono
2126 1093 2363 1135 ancora
2422 1077 2767 1152 accettare,
2827 1093 2892 1134 se
2940 1069 3071 1134 Sua
3115 1069 3361 1134 Maesta
3414 1086 3447 1138 5

698 1199 824 1241 non
874 1176 1180 1242 confirma
1225 1185 1736 1262 expressamente
1781 1178 1846 1241 in
1894 1184 2117 1264 questo
2163 1199 2408 1241 recesso
2454 1176 2498 1241 il
2546 1200 2787 1241 recesso
2821 1176 2885 1240 di
2918 1175 3123 1262 Spira,
3171 1176 3212 1240 il
3246 1176 3361 1240 3113

698 1284 829 1349 Sua
873 1284 1118 1348 Maesta
1176 1307 1301 1348 non
1363 1284 1511 1348 vuol
1570 1284 1704 1349 fare
1764 1307 1878 1370 per
1931 1308 2057 1348 non
2116 1285 2169 1349 si
2232 1283 2493 1370 obligar'
2541 1307 2581 1348 a
2626 1307 2773 1349 cosa
2833 1283 2949 1349 ebe
3003 1307 3127 1348 non
3175 1307 3361 1369 possa

697 1390 1120 1473 retrocedere,
1190 1401 1253 1456 et
1312 1414 1425 1479 per
1484 1414 1609 1456 non
1671 1393 2025 1456 consentire
2086 1390 2202 1456 che
2259 1391 2360 1455 nel
2420 1392 2699 1477 giudicio
2760 1390 2924 1455 della
2981 1390 3250 1455 Camera
3308 1392 3358 1454 si

696 1505 974 1562 mettano
1035 1496 1203 1562 della
1260 1498 1355 1563 lor
1399 1499 1705 1577 factione,
1763 1497 1847 1563 ha
1902 1507 2167 1584 pensato
2216 1505 2451 1585 quanto
2498 1522 2538 1562 a
2584 1506 2802 1585 questo
2849 1508 2911 1562 et
2956 1505 3192 1585 quanto
3237 1497 3361 1562 alla

696 1606 978 1690 giustitia
1023 1604 1188 1669 della
1234 1605 1504 1671 Camera
1548 1605 1914 1693 Imperiale,
1975 1615 2303 1671 remettere
2351 1607 2499 1690 ogni
2548 1628 2696 1670 cosa
2742 1605 2868 1670 alla
2912 1606 3083 1671 dieta
3128 1606 3354 1670 futura.
3381 1621 3449 1673 10

696 1719 758 1776 et
804 1735 918 1776 con
968 1719 1188 1799 questo
1237 1715 1456 1778 venira
1496 1714 1625 1778 Sua
1656 1714 1901 1778 Maesta
1947 1736 2181 1778 ancora
2213 1736 2253 1777 a
2283 1712 2679 1798 disobligarsi
2727 1713 2791 1777 di
2839 1721 3075 1800 quanto
3108 1711 3358 1777 baveva

695 1842 1018 1906 promesso
1080 1821 1143 1884 in
1205 1819 1396 1907 Spira
1453 1822 1623 1886 circa
1680 1820 1738 1885 le
1785 1844 1974 1886 cause
2020 1820 2185 1886 della
2230 1819 2587 1906 relligione,
2650 1821 2712 1884 di
2761 1843 3028 1907 pensare
3088 1819 3358 1907 qualche

696 1926 885 1992 modo
932 1950 968 1991 o
1014 1928 1218 1992 forma
1264 1928 1328 1992 di
1374 1929 1842 2011 reformatione,
1903 1929 2173 1992 secondo
2221 1927 2282 1992 la
2327 1926 2514 2014 quale
2559 1929 2611 1991 si
2658 1928 2919 1992 dovesse
2968 1929 3183 1993 vivere
3228 1927 3357 1991 fino

695 2033 758 2099 al
817 2035 1080 2100 concilio
1144 2035 1437 2121 generale
1471 2038 1533 2123 ¹).
1627 2045 1690 2101 et
1746 2036 2002 2124 quando
2064 2038 2170 2121 poi
2217 2036 2269 2099 si
2316 2038 2461 2099 sara
2505 2042 2740 2099 venuto
2785 2034 2910 2099 3113
2954 2035 3154 2116 (11313,
3214 2035 3358 2098 sara

695 2150 908 2227 presta
953 2165 1070 2208 con
1116 2143 1175 2208 le
1221 2145 1560 2229 previsioni
1607 2166 1723 2230 per
1768 2144 1867 2208 far
1912 2142 1975 2208 la
2019 2145 2311 2228 impresa,
2360 2141 2474 2208 3113
2521 2165 2648 2206 1103
2682 2142 3022 2227 bisognara
3055 2143 3137 2205 33
3170 2139 3353 2205 collo·
3378 2155 3448 2208 15

695 2250 842 2335 quio
891 2251 971 2312 ne
1018 2250 1202 2316 dieta.
1295 2273 1484 2336 sopra
1528 2258 1691 2316 tutto
1739 2250 1871 2315 Sua
1916 2250 2167 2315 8331113
2210 2259 2400 2335 tenga
2446 2272 2563 2335 per
2606 2248 2865 2314 risoluto
2913 2249 3030 2314 che
3062 2271 3189 2313 non
3221 2249 3359 2312 fara

697 2357 774 2418 ne
820 2355 1059 2420 lassarit
1104 2357 1203 2421 far
1251 2379 1401 2421 cosa
1445 2355 1677 2422 alcuna
1733 2357 2142 2443 preiudiciale
2203 2356 2327 2422 alla
2383 2358 2657 2421 3111011111
2714 2357 2777 2421 (11
2827 2356 2956 2422 Sua
3002 2356 3251 2421 83111113
3296 2366 3356 2419 31

695 2460 818 2526 3113
863 2462 1125 2550 religion
1172 2471 1388 2529 nostra
1434 2463 1773 2548 catholica3
1819 2474 1882 2530 et
1929 2474 2168 2551 quanto
2225 2464 2290 2528 di
2337 2487 2526 2550 sopra
2572 2466 2606 2527 ὲ
2654 2464 2858 2544 (13110,
2908 2464 3359 2528 commandere,

695 2569 827 2633 Sua
871 2570 1117 2635 Maesta
1173 2572 1253 2636 de
1310 2572 1699 2659 plenitudine
1758 2574 2114 2658 potestatis,
2176 2571 2405 2658 perche
2467 2580 2639 2636 certo
2700 2571 2741 2635 li
2789 2572 3172 2636 Protestanti
3229 2594 3356 2634 non

697 2678 990 2741 vorriano
1051 2681 1433 2761 consentire,
1503 2679 1736 2766 perche
1805 2680 2031 2744 dicano
2092 2702 2218 2744 non
2279 2678 2476 2744 haver
2538 2679 2836 2743 mandato
2898 2677 3048 2742 dalli
3108 2676 3203 2741 lor
3258 2693 3448 2745 su·20

694 2785 919 2870 periori
990 2809 1029 2851 a
1097 2789 1426 2852 consentir’
1487 2789 1551 2852 in
1621 2795 1856 2875 questo
1949 2786 2139 2874 dopoi
2198 2786 2328 2853 Sua
2388 2786 2633 2852 Maesta
2689 2784 2875 2851 vuole
2936 2785 3256 2850 chiamare
3314 2784 3355 2848 li

695 2892 1000 2958 Catholici
1030 2896 1084 2980 ²)
1142 2902 1206 2959 et
1264 2896 1448 2981 dirgli
1509 2895 1625 2960 che
1684 2897 1881 2960 stieno
1941 2896 2007 2959 di
2067 2893 2280 2959 buona
2336 2895 2581 2980 voglia,
2643 2894 2758 2959 che
2820 2892 3005 2958 vuole
3065 2894 3146 2957 ad
3210 2894 3355 2978 ogni

694 3001 881 3065 modo
928 3025 1159 3088 pensar
1217 3002 1281 3066 di
1328 3005 1639 3068 restituire
1684 3002 1728 3067 li
1775 3004 2058 3089 oppressi
2106 3003 2172 3066 di
2218 3001 2351 3066 loro
2396 3011 2457 3066 31
2504 3001 2835 3067 difendcrli
2896 3024 3015 3066 3011
3073 2999 3117 3064 11
3177 3008 3358 3087 poter

694 3118 756 3174 et
801 3133 1070 3196 persona
1117 3134 1231 3175 sua
1275 3113 1566 3197 propria,
1614 3112 1777 3176 dove
1826 3112 1867 3174 li
1913 3111 2080 3175 fusse
2139 3117 2400 3196 pensato
2460 3110 2526 3174 di
2581 3110 2680 3172 far
2724 3107 3039 3174 violentia.
3134 3117 3195 3173 31
3253 3107 3352 3171 331

693 3217 819 3281 fine
872 3219 979 3304 poi
1025 3240 1065 3281 3
1122 3219 1304 3301 tutti,
1366 3226 1541 3283 tanto
1589 3218 1899 3284 Catholici
1962 3228 2197 3305 quanto
2246 3217 2657 3299 Protestanti‚
2716 3216 2856 3281 fara
2900 3240 3028 3281 una
3077 3217 3445 3301 rigorosa25

695 3334 757 3390 et
815 3325 1018 3390 brava
1076 3326 1503 3392 admonitione
1563 3325 1818 3413 penale,
1889 3326 2004 3391 che
2072 3326 2155 3390 da
2228 3348 2501 3390 nessuna
2560 3330 2742 3410 parte
2816 3324 2865 3386 si
2925 3324 3142 3387 innovi
3211 3345 3356 3387 cosa

694 3433 956 3518 alcuna,
1022 3434 1429 3499 certificando
1489 3457 1745 3520 ognuno
1808 3434 1922 3498 che
1982 3433 2113 3497 Sua
2172 3433 2417 3497 Maesta
2476 3434 2527 3496 si
2587 3433 2840 3496 troverh.
2898 3453 3015 3495 303
3080 3439 3239 3495 tutte
3300 3429 3355 3492 le

695 3567 804 3608 sue
862 3543 1032 3607 forze
1091 3566 1130 3606 a
1189 3544 1497 3629 castigare
1543 3542 1858 3629 chiunque
1920 3542 2285 3623 innovasse,
2348 3548 2412 3603 31
2466 3539 2549 3604 3(1
2610 3540 2852 3603 31111313
2913 3536 3077 3601 301111
3138 3544 3355 3601 contra

695 3650 798 3715 chi
842 3652 1009 3714 fusse
1068 3651 1369 3714 innovato
1431 3673 1467 3714 o
1515 3651 1564 3712 si
1621 3671 1917 3734 pensasse
1977 3648 2040 3711 di
2101 3649 2434 3711 innovare:
2496 3647 2560 3710 di
2621 3646 2808 3709 modo
2867 3644 2982 3710 che
3044 3666 3228 3730 spera
3288 3642 3353 3705 di

693 3759 935 3824 lasciar'
982 3760 1049 3821 in
1097 3767 1277 3843 parte
1338 3759 1612 3821 contenti
1674 3755 1715 3819 li
1764 3755 2077 3821 Catholici
2136 3764 2199 3819 et
2261 3778 2378 3820 303
2443 3762 2664 3840 questo
2725 3753 2902 3817 freno
2968 3774 3144 3817 mezo
3205 3751 3349 3814 assi·
3374 3765 3445 3818 30

694 3868 897 3931 curati
944 3865 988 3930 li
1033 3866 1086 3929 P
1092 3866 1432 3929 rotestanti.

838 4136 877 4205 ¹)
926 4123 1062 4190 Uber
1099 4133 1188 4187 die
1226 4133 1568 4202 beziiylichen
1612 4133 2073 4203 Verhancllunyen
2099 4132 2195 4185 mit
2225 4131 2331 4184 den
2360 4130 2746 4184 Protestanten
2775 4131 2873 4197 vyl.
2905 4121 3353 4196 Kannenyitsser,

693 4225 749 4280 S.
787 4228 977 4278 83-88.

838 4313 877 4383 ²)
916 4314 1098 4368 Schon
1141 4313 1240 4366 mit
1289 4311 1407 4366 dem
1458 4311 1958 4366 Gesamtschreiben
2005 4328 2121 4365 vom
2167 4314 2199 4362 1
2237 4311 2460 4379 August
2509 4309 2783 4363 schickten
2832 4306 2922 4360 dle
2959 4306 3215 4360 Nuntien
3250 4304 3355 4359 den

694 4402 1135 4470 Konzaszeyaten
1170 4401 1259 4455 die
1294 4400 1505 4466 Schrift
1555 4403 1672 4468 ein,
1723 4401 1914 4455 welche
1964 4400 2061 4453 der
2096 4399 2302 4453 Kaiser
2347 4399 2459 4452 den
2495 4398 2869 4451 katholc'schen
2905 4396 3161 4451 Sta-udan
3198 4396 3353 4448 iiber-
3373 4398 3445 4451 35

687 4494 855 4562 yeben
903 4494 1090 4559 hatte5
1139 4492 1283 4545 diese
1319 4489 1529 4554 Schrift
1575 4491 1844 4556 emmane,
1893 4490 2171 4543 bemerken
2216 4490 2324 4555 sie,
2370 4504 2681 4541 zusammen
2725 4488 2825 4539 mit
2865 4487 2985 4540 dem
3020 4486 3215 4550 frib-her
3251 4485 3357 4538 den

693 4583 1086 4637 Lutheranern
1117 4581 1414 4650 yeqebenen
1442 4580 1736 4633 Memorial
1763 4580 1906 4645 (vom
1935 4583 2015 4633 20
2042 4578 2167 4633 Juli
2202 4578 2303 4647 1291.
2336 4579 2415 4631 ob.
2457 4576 2509 4630 S.
2539 4580 2653 4631 258
2681 4579 2843 4630 Anm.
2871 4580 2930 4643 2)
2970 4575 3059 4628 dic
3086 4575 3357 4628 Substanz

694 4672 785 4726 des
821 4672 1082 4726 Rezesses.
1157 4670 1318 4724 Jenes
1353 4669 1718 4735 Schriftstiae'ck
1761 4669 1931 4736 findet
1978 4669 2095 4722 sich
2141 4669 2227 4721 als
2272 4668 2499 4735 Beilaye
2547 4667 2635 4731 (in
2690 4666 3038 4719 lateinischer
3074 4664 3357 4730 Fassuny)

692 4761 856 4816 Carte
912 4760 1122 4816 Cervin.
1167 4761 1235 4813 15
1288 4759 1380 4814 fol.
1438 4760 1631 4827 90·91;
1687 4775 1741 4813 es
1794 4758 2096 4827 antapricht
2152 4756 2434 4811 durchaus
2488 4756 2600 4809 dem
2652 4753 2729 4825 ἕξ
2768 4758 2891 4808 7-11
2940 4754 3040 4807 des
3087 4753 3357 4806 Wormser

691 4850 1200 4906 Reichsabschiedes
1235 4850 1416 4915 (Neue
1452 4848 1674 4903 Samml.
1712 4846 1786 4901 II
1818 4847 1872 4901 S.
1913 4850 2058 4915 519).
3373 4843 3447 4898 40
