3859 5575
1450 502 1550 562 No.
1588 506 1686 561 93:
1726 504 1865 560 1545
1900 505 2193 560 November
2226 506 2313 562 21.
3110 494 3220 564 488

549 702 698 769 aber
761 702 955 769 sollen
1020 724 1140 768 von
1198 703 1436 769 Ralien
1495 702 1990 786 ausyesehlossen
2046 704 2200 768 sein.
2305 702 2759 785 Versicheruny
2820 700 3213 782 (ἔναηυεῑῑαε,
3301 708 3440 760 1645

550 812 688 894 anst
732 811 837 876 aie
880 810 1291 893 Pdpstliohen
1332 811 1721 894 verstdndiyt
1763 811 2012 876 werden
2054 810 2277 888 soum,
2339 808 2560 874 sobald
2602 806 2887 875 sicheres
2943 808 3212 894 vorlieyt.
3251 774 3388 835 Νθυ·
3420 779 3489 832 ³¹

548 917 810 985 Stocken
853 919 966 985 der
998 918 1775 1002 anylisch-franzc'isischen
1818 917 2350 1001 Unterhandluny
2361 938 2384 997 ,⁰
2430 917 2536 982 ein
2565 917 2847 983 weiterer
2875 915 3218 1001 emylischer

562 1024 1024 1093 Unterhdndzer
1092 1026 1260 1091 wird
1327 1030 1637 1091 erwartet.
1728 1024 2230 1111 Befriediyende
2287 1023 2627 1105 Auskunft
2689 1024 3073 1091 Granvellas
3143 1026 3217 1091 in

494 1140 530 1195 5
552 1131 801 1199 Sachen
866 1133 976 1198 der
1034 1132 1428 1215 Aufhebuny
1489 1134 1595 1199 des
1649 1130 2009 1215 Sequmers
2071 1131 2207 1213 auf
2251 1132 2354 1197 die
2411 1129 2667 1214 Spalim
2724 1151 2846 1197 von
2902 1131 3215 1216 Badajon.

547 1239 802 1323 Klaqen
845 1241 952 1305 des
995 1239 1288 1318 KaiserS,
1334 1240 1475 1322 dast
1516 1241 1591 1305 in
1636 1239 1798 1304 Rom
1844 1239 1965 1305 das
2012 1239 2378 1305 Geheimnis
2421 1239 2528 1304 des
2570 1238 2839 1322 Krieyes
2877 1259 3069 1323 yeyen
3113 1240 3218 1305 die

547 1346 997 1413 Protestanten
1049 1347 1224 1412 nicht
1277 1346 1555 1430 yewahrt
1609 1347 1827 1412 werde.
1917 1346 2260 1429 Anfrayen
2316 1346 2429 1411 der
2495 1346 2782 1412 ldzteren
2839 1366 3047 1429 weyen
3105 1347 3218 1412 der

546 1474 671 1518 aus
701 1454 863 1519 Rom
906 1454 1305 1520 hommenden
1344 1454 1894 1537 beunruhiymden
1925 1453 2392 1532 Nachrichtem
2434 1453 2730 1519 Antwort
2774 1453 2882 1519 des
2911 1454 3216 1534 Kaisers‚·

547 1561 767 1627 dassen
811 1560 1301 1645 Bemtzhunym‚
1362 1569 1481 1629 den
1523 1560 1966 1627 Protestanten
2011 1561 2118 1626 die
2173 1560 2428 1641 Waffen
2472 1581 2595 1626 aus
2641 1560 2764 1626 den
2807 1561 3090 1627 Hdnden
3133 1582 3218 1629 eu

464 1676 531 1732 10
546 1668 811 1734 winden.
904 1668 1462 1753 Vmaerayswidfriffle
1490 1668 1905 1751 Festhaltuny
1936 1669 2017 1734 H
2010 1668 2284 1735 einrichs
2318 1688 2437 1734 von
2468 1668 2972 1753 Braunschweiq
3017 1669 3217 1735 durch

547 1776 668 1841 den
713 1774 1166 1858 Landqrafem
1211 1776 1426 1842 dassen
1472 1774 1842 1859 Verlanyen,
1891 1776 2032 1859 dast
2076 1775 2389 1841 Heinrich
2430 1774 2712 1858 yedchtet
2754 1776 2970 1841 werde.
3063 1774 3214 1842 Ver-

548 1882 848 1965 leyenheit
905 1882 1013 1947 des
1070 1883 1357 1949 Kaisers.
1449 1882 1805 1948 Malvenda
1860 1884 2000 1947 und
2057 1882 2160 1949 die
2216 1883 2481 1966 iibriyen
2539 1882 2957 1949 katholischen
3001 1883 3214 1949 Kollo—

545 1994 827 2070 quenten.
904 1988 1314 2055 Beschwerde
1360 1989 1468 2055 des
1511 1989 1860 2055 romischen
1890 1990 2156 2072 K5niys,
2203 1990 2338 2072 dast
2381 2010 2535 2055 man
2578 1992 2806 2072 εὸρενε,
2854 1991 2984 2056 ihm
3028 1990 3212 2057 einen

545 2095 843 2161 Nuntius
884 2117 968 2162 zu
1010 2097 1263 2163 senden.
1354 2097 1519 2162 1545
1566 2097 1909 2163 November
1952 2100 2039 2164 21
2084 2096 2487 2180 Anbwerpen.

461 2229 528 2284 15
695 2230 815 2285 Aue
850 2230 1022 2299 Rom,
1069 2231 1239 2286 Arch.
1285 2231 1408 2287 Vat.
1446 2230 1632 2287 Germ.
1670 2228 1840 2286 Nunt.
1890 2230 1997 2286 sub
2035 2230 2211 2287 Paulo
2247 2230 2336 2285 111
2384 2230 2493 2286 vol.
2541 2231 2577 2286 3
2612 2230 2705 2287 fol.
2747 2232 3000 2288 les-171
3046 2232 3213 2303 Oriq„

756 2315 1097 2388 yrostenteils
1132 2319 1437 2388 chiffriert,·
1472 2319 1577 2375 das
1604 2318 1866 2386 Deciftat
1901 2319 2046 2389 folyt
2080 2318 2329 2375 abentius.
2367 2316 2483 2375 foll.
2523 2320 2792 2376 172·175.
2867 2321 3215 2378 Prasontiert

758 2413 793 2463 5
831 2408 1124 2465 December
1154 2407 1218 2478 ¹).

724 2523 819 2592 Le
864 2523 1209 2612 penultime
1254 2531 1317 2590 et
1375 2522 1594 2590 ultime
1655 2531 1867 2590 nostre
1913 2545 1955 2589 a
1999 2523 2078 2592 V.
2129 2523 2191 2589 S.
2239 2524 2368 2589 ΒΜ
2411 2522 2598 2590 furno
2644 2523 2712 2590 di
2761 2535 2841 2591 12
2889 2532 2953 2590 et
3001 2535 3081 2594 16
3143 2526 3212 2593 di
3248 2506 3428 2634 ,ξολ

545 2639 784 2722 questo,
830 2632 1129 2699 mandate
1174 2630 1342 2698 l’une
1386 2639 1450 2698 et
1491 2630 1693 2697 l'altre
1736 2653 1852 2720 per
1895 2631 2170 2697 staffetta
2214 2654 2255 2697 a
2298 2638 2482 2718 posta
2526 2631 2615 2696 fin
2659 2653 2701 2696 a
2737 2631 2977 2699 Trento
3002 2671 3026 2683 -
3050 2671 3071 2683 ·
3098 2671 3120 2684 ·
3318 2619 3330 2632 ⁹

457 2747 528 2803 20
724 2739 906 2807 Hora
931 2738 987 2830 ⁸)
1033 2738 1091 2805 le
1135 2739 1405 2807 havemo
1452 2738 1536 2805 da
1581 2738 1717 2806 dire
1763 2760 1942 2806 eome
1986 2738 2197 2828 doppo
2241 2736 2506 2805 l’ultima
2549 2738 2913 2806 exclusione
2959 2740 3109 2807 data
3146 2742 3212 2807 in

545 2847 792 2935 Bruges
837 2847 942 2913 dal
987 2849 1367 2935 imperatore
1412 2870 1453 2913 a
1499 2849 1702 2935 questi
1750 2848 2019 2913 ministri
2065 2848 2242 2934 regii,
2289 2869 2415 2912 non
2479 2846 2655 2912 voler
2709 2847 3038 2914 intendere
3099 2871 3215 2936 per

546 2955 756 3020 niente
801 2953 869 3019 di
913 2956 1111 3020 venir'
1156 2953 1241 3020 ad
1287 2954 1519 3021 alcuna
1562 2955 1926 3021 risolutione
1974 2955 2038 3019 di
2096 2977 2289 3042 paee,
2349 2977 2415 3019 se
2472 2954 2515 3019 il
2571 2977 2642 3020 re
2699 2977 2827 3020 non
2884 2957 3215 3022 restituiva

543 3062 982 3128 intieramente
1026 3060 1070 3125 il
1129 3061 1297 3128 duca
1355 3062 1420 3127 di
1478 3061 1739 3151 Savoya
1794 3069 1973 3127 tanto
2031 3061 2134 3128 del
2190 3061 2517 3127 Piemonte
2574 3082 2754 3127 come
2811 3062 2877 3127 di
2936 3068 3099 3128 tutto
3166 3062 3213 3129 il

544 3176 729 3253 resto,
775 3190 902 3234 non
949 3171 1001 3234 si
1047 3170 1082 3234 e
1127 3167 1374 3257 parlato
1420 3169 1534 3257 pin
1580 3190 1768 3257 sopra
1826 3169 1958 3254 οἰὸς
2018 3191 2126 3234 ma
2183 3168 2228 3233 li
2287 3168 2556 3233 ministri
2614 3167 2717 3234 del
2772 3190 2843 3234 re
2900 3170 2953 3234 si
3013 3192 3212 3236 sonno

456 3282 526 3337 25
546 3273 669 3340 ben
716 3274 958 3341 risoluti
1003 3277 1263 3342 insieme
1308 3284 1374 3341 et
1416 3275 1630 3342 hanno
1678 3276 1959 3341 discorso
2007 3283 2170 3342 tutto
2215 3274 2422 3364 quello
2467 3274 2583 3341 6116
2628 3298 2745 3363 per
2797 3276 2892 3342 lor
2934 3277 3212 3363 giudioio

543 3403 653 3448 era
698 3382 826 3449 ben
870 3383 938 3449 di
980 3383 1132 3449 fare.
1225 3390 1290 3449 et
1316 3382 1373 3473 1’)
1421 3390 1658 3472 quanto
1704 3405 1745 3447 a
1792 3382 2031 3448 Baiard
2075 3380 2122 3447 il
2166 3403 2355 3469 parer
2401 3404 2514 3448 suo
2561 3403 2671 3448 era
2716 3382 2833 3449 6116
2877 3383 2937 3449 16
2968 3383 3214 3450 diman-

544 3489 624 3555 de
668 3489 771 3556 del
818 3492 1196 3578 imperatore
1240 3490 1482 3556 fussero
1528 3489 1596 3555 di
1641 3496 1806 3555 sorte
1853 3488 1970 3555 6116
2014 3490 2083 3554 in
2127 3510 2361 3554 nessun
2407 3489 2736 3555 accidente
2796 3491 3046 3556 sinistro
3106 3490 3213 3556 del

543 3619 612 3662 re
658 3621 787 3663 non
833 3597 891 3662 le
936 3596 1201 3663 havesse
1245 3604 1467 3685 potuto
1513 3596 1612 3662 far
1656 3597 2003 3684 maggiori3
2057 3602 2122 3662 et
2178 3595 2294 3662 6116
2355 3603 2593 3684 quanto
2651 3620 2708 3668 a,
2745 3598 2833 3663 lui
2893 3620 3021 3664 non
3080 3598 3211 3664 solo

545 3727 669 3770 non
716 3705 964 3771 vedeva
1008 3713 1248 3794 questo,
1295 3727 1401 3770 ma
1445 3704 1533 3792 gli
1579 3727 1817 3792 pareva
1862 3704 1979 3769 6116
2023 3703 2193 3770 fusse
2238 3702 2399 3769 bene
2444 3727 2484 3768 a
2529 3726 2810 3770 scorrere
2842 3727 3078 3771 ancora
3121 3728 3211 3770 un

454 3821 702 3898 30pooo
744 3813 857 3900 pin
903 3819 966 3877 et
1020 3811 1253 3900 godere
1311 3810 1357 3877 il
1414 3809 1724 3878 beneficio
1771 3809 1874 3875 del
1919 3815 2129 3898 tempo
2175 3832 2290 3898 per
2332 3816 2428 3875 tre
2474 3832 2511 3875 o
2559 3821 2597 3877 4
2645 3812 2831 3895 mesi,
2893 3818 2994 3877 tra
3040 3811 3210 3899 quali

541 3918 836 3985 havendo
862 3919 992 3985 Sua
1015 3917 1260 3985 Maesta
1290 3917 1565 3985 Cesarea
1588 3918 1675 3984 da
1703 3917 1908 3983 andar
1939 3916 2063 3983 alla
2092 3917 2263 3984 dieta
2292 3917 2358 3982 di
2384 3916 2751 4003 Ratisbona,
2776 3925 2841 3984 et
2870 3918 3212 3984 vedendosi
3245 3947 3250 3952 ·

542 4025 659 4092 ohe
705 4024 748 4091 li
795 4024 1146 4092 Lutherani
1191 4048 1321 4092 non
1368 4048 1566 4092 sonno
1611 4025 1656 4091 li
1700 4026 1816 4113 pio
1861 4025 2154 4092 satisfatti
2199 4024 2301 4091 del
2347 4025 2579 4091 mondo
2626 4025 2692 4090 di
2749 4023 2861 4110 lei,
2919 4027 3210 4113 potriano

541 4154 865 4199 occorrere
896 4131 1057 4198 delle
1089 4156 1233 4198 cose
1273 4131 1389 4199 6116
1417 4131 1463 4197 il
1492 4155 1564 4198 re
1594 4131 1819 4197 havria
1848 4154 1964 4219 per
1993 4130 2154 4197 bene
2185 4131 2251 4197 di
2295 4155 2423 4198 non
2467 4131 2667 4198 haver
2709 4132 2969 4199 lasciato
3000 4134 3211 4201 niente

543 4237 643 4304 del
689 4261 822 4323 suo,
869 4237 913 4303 il
957 4239 1145 4328 quale
1191 4240 1361 4306 saria
1404 4261 1445 4304 a
1490 4247 1705 4326 tempo
1751 4239 1817 4305 di
1854 4238 2052 4305 darlo.
2128 4241 2278 4304 item
2311 4240 2715 4327 aggiungeva
2744 4239 2860 4305 6116
2890 4247 3211 4329 aspettan-

454 4356 524 4411 35
543 4346 680 4412 dosi
723 4347 809 4412 ad
855 4348 1096 4413 trattar'
1143 4347 1226 4412 ad
1273 4345 1434 4413 altro
1480 4355 1689 4435 tempo
1736 4354 1799 4412 et
1843 4345 1988 4412 fuor
2032 4345 2097 4411 di
2143 4348 2345 4435 questi
2391 4348 2586 4434 paesi,
2631 4347 2920 4434 suggeris
2963 4346 3008 4413 il
3046 4348 3209 4414 disa-

542 4454 842 4541 vantagio
885 4455 953 4519 in
1016 4453 1132 4520 6116
1192 4455 1245 4520 si
1302 4462 1570 4521 trovano
1629 4453 1785 4521 hora
1841 4451 1991 4520 delli
2049 4455 2321 4521 ministri
2378 4453 2482 4519 del
2539 4454 2938 4542 imperatore,
2987 4479 3105 4522 con
3164 4453 3208 4523 li

682 4649 727 4701 a)
764 4649 845 4692 Yon
871 4652 960 4692 Mer
985 4661 1043 4692 aa
1070 4650 1273 4704 chiffl-ieri
1298 4649 1508 4704 (Docifiai
1533 4647 1610 4693 fol.
1643 4649 1756 4694 mh
1772 4672 1817 4682 —
1835 4651 1985 4701 17411),

682 4723 726 4772 b)
760 4722 820 4763 In·
846 4721 1033 4775 1166Ψαὶ
1058 4734 1129 4764 am
1156 4722 1302 4765 Raude
1330 4723 1562 4766 nerium.

686 4812 726 4881 ¹)
768 4812 939 4868 Unter
973 4811 1096 4867 dem
1134 4815 1170 4867 7
1207 4811 1337 4869 Des.
1385 4814 1495 4884 yab
1540 4812 1788 4869 Famae
1836 4811 1945 4868 den
1981 4812 2431 4886 Konsilsleqaten
2477 4829 2587 4871 von
2632 4812 2753 4869 dem
2787 4813 2984 4869 Inhalt
3033 4811 3212 4870 dieser

454 4900 526 4956 40
544 4900 820 4973 Depesehe
853 4901 1152 4958 Kemztm‘s.
1215 4903 1372 4959 Mon.
1412 4901 1567 4959 Tria.
1603 4919 1692 4959 nr.
1728 4905 1858 4958 260.

647 5007 1261 5064 Nuntlaturberiehte‚
1289 5010 1407 5056 erate
1424 5009 1678 5070 Abtessnng.
1708 5010 1786 5058 Bd.
1806 5009 1926 5060 V111,
2712 4993 2783 5053 28
