3859 5575
1409 427 1509 485 No,
1547 429 1645 484 99:
1685 428 1825 484 1545
1860 427 2152 483 November
2185 444 2263 483 ex.
3063 419 3170 483 468

506 626 658 712 pero
705 626 854 711 ogni
900 623 1074 690 volta
1131 625 1247 690 che
1304 647 1431 690 11011
1492 625 1541 690 si
1603 623 1986 712 provedesse
2044 647 2157 712 per
2216 630 2459 711 tempo,
2512 625 2805 713 potriano
2863 646 2976 712 per
3033 622 3169 688 des·
3259 623 3398 675 1545

507 734 835 820 peratione
880 740 944 798 et
989 755 1101 820 per
1149 734 1371 798 timore
1414 732 1695 797 lasciarsi
1741 731 2000 798 indurre
2045 754 2085 796 a
2130 730 2397 819 qualche
2442 732 2942 797 inconveniente.
3208 693 3349 748 Nm
3373 708 3454 748 α’

687 840 773 905 Et
815 839 860 904 il
906 840 1072 906 duca
1117 840 1181 905 di
1228 842 1501 906 Baviera
1559 862 1679 905 con
1738 846 1900 904 tutto
1961 838 2004 903 il
2064 861 2178 904 suo
2236 841 2478 925 seg-nito
2523 846 2885 905 veramente
2941 839 2977 903 ὸ
3023 861 3167 903 0011-

509 948 892 1012 stantissimo
937 955 1000 1013 et
1044 949 1193 1034 ogni
1238 949 1460 1035 giorno
1492 954 1800 1034 prometto
1843 953 1907 1011 et
1952 946 2093 1011 dice
2138 946 2205 1011 di
2252 969 2378 1011 non
2428 945 2654 1012 volersi
2700 947 2827 1011 mai
2873 947 2937 1010 in
2983 952 3170 1010 conto

454 1053 736 1119 5alcuno
784 1054 1095 1120 discostar
1140 1055 1309 1120 dalla
1355 1054 1568 1120 buona
1613 1053 1876 1119 volunta
1920 1053 1988 1118 di
2034 1053 2164 1119 Sua
2210 1054 2485 1137 Maesta,
2533 1053 2846 1140 sperando
2893 1051 3007 1118 che
3054 1049 3175 1117 ella

509 1184 623 1248 per
668 1170 878 1247 tempo
908 1162 1290 1249 provedera3
1337 1171 1397 1228 et
1446 1159 1689 1227 benche
1733 1160 1778 1225 li
1813 1162 2191 1226 Protestanti
2236 1184 2365 1226 non
2411 1161 2748 1226 manchino
2795 1161 2860 1226 di
2906 1160 3174 1226 tentarlo

510 1270 574 1333 in
621 1268 867 1334 diverse
913 1271 1191 1334 maniere
1224 1268 1292 1357 ¹),
1339 1272 1491 1356 pero
1537 1270 1602 1334 di
1650 1277 1820 1335 certo
1867 1292 1993 1333 non
2039 1268 2303 1334 faranno
2363 1291 2592 1334 nessun
2653 1269 2863 1334 effetto
2909 1289 3029 1333 0011
3085 1267 3175 1333 lui

511 1376 660 1462 ogni
705 1374 880 1440 volta
925 1376 1040 1441 che
1071 1376 1201 1441 Sua
1241 1376 1486 1442 Maesta
1530 1377 1591 1442 lo
1638 1378 2016 1441 intertenera
2062 1398 2180 1441 con
2228 1399 2537 1463 speranza
2583 1375 2649 1441 di
2695 1375 2870 1441 voler
2914 1382 3174 1442 trattare

511 1490 574 1547 et
618 1483 922 1548 conferire
984 1506 1102 1548 con
1161 1482 1267 1548 lui.
1358 1483 1401 1548 il
1462 1483 1577 1548 che
1637 1484 1905 1549 facendo
1953 1483 2085 1549 Sua
2129 1483 2376 1548 Maesta
2429 1485 2483 1548 si
2542 1484 2670 1570 pub
2729 1491 2939 1549 tenere
3001 1491 3174 1548 certo

427 1600 492 1655 10
511 1588 627 1655 0110
674 1589 911 1655 havera
955 1590 1127 1656 detto
1174 1592 1339 1656 duca
1386 1592 1451 1657 di
1499 1591 1772 1656 Baviera
1819 1612 2068 1677 sempre
2114 1589 2174 1655 al
2222 1612 2334 1655 suo
2375 1596 2703 1656 comando.
2793 1590 2839 1655 il
2884 1598 3048 1655 resto
3095 1590 3176 1655 de

512 1696 842 1782 Catholici,
889 1698 1032 1763 dico
1079 1700 1356 1782 vescovi,
1402 1699 1627 1786 prelati
1674 1707 1736 1765 et
1780 1699 1926 1764 altri
1974 1697 2282 1764 Catholici
2338 1698 2404 1763 di
2451 1706 2666 1786 queste
2710 1704 2923 1762 nostre
2969 1695 3177 1761 bande

512 1807 837 1892 superiori,
884 1808 1029 1871 tutti
1060 1806 1550 1892 dependeranno
1582 1806 1728 1871 dall'
1760 1808 2158 1893 imperatore,
2207 1828 2272 1871 se
2317 1806 2678 1871 vederanno
2711 1826 2913 1869 essere
2953 1805 3178 1869 aiutati

511 1935 550 1977 a
596 1921 836 1999 tempo:
893 1935 1024 1978 una
1069 1913 1201 1978 sola
1246 1937 1394 1980 cosa
1439 1915 1892 2000 grandemente
1938 1913 1982 1977 li
2027 1914 2444 2000 impaurisce,
2504 1913 2640 1978 cioe
2697 1912 2814 1977 che
2859 1914 2913 1976 si
2971 1913 3179 1998 scopri

517 2018 632 2084 che
686 2020 730 2084 li
777 2020 1160 2087 Protestanti
1217 2045 1257 2087 a
1315 2031 1537 2110 questa
1595 2043 1711 2085 sua
1771 2019 1942 2085 dieta
2000 2019 2066 2084 di
2114 2019 2449 2085 Francfort
2509 2020 2561 2084 si
2620 2020 3178 2106 congiungeranno

429 2138 497 2192 15
516 2136 579 2193 et
623 2126 1132 2214 deliberaranno,
1178 2152 1294 2216 per
1338 2129 1381 2194 il
1437 2128 1631 2194 dubio
1678 2128 1794 2194 0110
1840 2128 2050 2193 11011110
2097 2127 2200 2192 del
2247 2128 2482 2213 castigo
2539 2125 2893 2215 imperiale,
2953 2125 3181 2213 pigliar

514 2238 896 2322 avantaggio
945 2259 1131 2323 sopra
1178 2236 1221 2301 li
1267 2235 1575 2302 Catholici
1623 2244 1685 2300 et
1730 2243 1956 2300 mettcr
2002 2258 2088 2300 un
2136 2235 2415 2299 exercito
2473 2240 2652 2299 tanto
2696 2256 2811 2321 per
2857 2239 3067 2321 tempo
3115 2235 3178 2297 in

513 2342 733 2407 ordine
794 2342 911 2407 che
968 2345 1188 2409 avanti
1247 2343 1364 2410 che
1421 2343 1484 2409 la
1542 2343 1915 2409 diffensione
1977 2342 2043 2407 di
2102 2341 2233 2408 Sua
2290 2341 2536 2406 Maesta
2593 2363 2778 2428 possa
2850 2363 3054 2406 essere
3113 2342 3179 2405 in

514 2450 793 2534 termine,
840 2453 1249 2517 sforzaranno
1295 2453 1438 2517 tutti
1486 2451 1566 2516 ad
1614 2449 1957 2515 intendersi
2004 2471 2123 2515 con
2170 2449 2320 2514 loru.
2411 2454 2474 2514 et
2531 2449 2638 2534 gia
2695 2471 2850 2513 sono
2909 2449 2973 2512 in
3030 2447 3180 2512 deli·

515 2554 801 2621 beration
848 2558 914 2622 di
961 2565 1185 2623 metter
1229 2558 1397 2624 mille
1438 2556 1666 2623 cavalli
1697 2559 1761 2622 in
1794 2563 2012 2644 queste
2058 2555 2268 2621 bande
2298 2556 2625 2643 superiori,
2671 2556 2965 2621 massime
2997 2578 3181 2621 verso

426 2661 562 2728 2011
608 2663 838 2728 confini
885 2664 988 2730 del
1035 2666 1307 2731 contado
1356 2666 1421 2730 di
1453 2664 1686 2748 Tirolo,
1733 2687 1847 2751 per
1890 2662 2161 2751 impedir
2206 2663 2320 2728 che
2368 2663 2501 2728 Sua
2530 2663 2776 2728 Maesta
2820 2684 2947 2727 non
2993 2684 3184 2750 possa

516 2777 743 2837 metter
802 2780 989 2858 gente
1046 2774 1306 2839 insieme
1365 2774 1428 2838 in
1491 2779 1708 2860 queste
1756 2770 1997 2856 bande,
2055 2794 2169 2858 per
2225 2793 2393 2837 esser
2449 2770 2495 2836 li
2557 2769 2783 2836 soldati
2842 2770 2908 2836 di
2966 2776 3183 2858 queste

519 2877 728 2944 bande
760 2878 803 2943 li
836 2881 1123 2966 megliori
1170 2880 1235 2946 di
1268 2880 1641 2965 Alemagna,
1686 2888 1750 2944 et
1795 2881 1853 2946 ci
1885 2879 2294 2944 sforzaranno
2325 2879 2430 2944 noi
2461 2877 2605 2943 altri
2638 2877 2946 2944 Catholici
2987 2901 3026 2942 a
3056 2900 3181 2942 non

518 2994 767 3051 retener
813 2993 876 3051 et
921 2987 1203 3074 prohibir
1248 2988 1355 3053 alli
1401 2988 1626 3053 soldati
1673 2989 1872 3052 nostri
1919 2987 2157 3052 sudditi
2205 2985 2320 3052 che
2367 3008 2495 3051 11011
2540 2986 2773 3050 vadino
2820 2983 2882 3049 al
2928 2986 3181 3049 servitio

518 3092 672 3173 lom,
721 3115 900 3158 come
944 3096 1052 3180 gia
1095 3094 1139 3159 li
1185 3095 1453 3161 havemo
1486 3095 1756 3160 retenuti
1803 3093 1930 3159 fino
1978 3094 2218 3177 adess0,
2265 3101 2328 3159 et
2372 3092 2576 3158 anche
2621 3115 2735 3181 per
2780 3091 3096 3157 dificultar
3140 3092 3186 3157 li

430 3209 499 3264 25
519 3201 687 3287 passi
745 3199 867 3264 alle
926 3203 1164 3266 nationi
1224 3202 1574 3285 forestiere‚
1635 3200 1737 3266 del
1792 3200 1908 3267 che
1969 3199 2178 3289 quella
2233 3201 2288 3266 si
2332 3200 2574 3266 volesse
2634 3200 2900 3284 servire3
2960 3208 3023 3265 et
3079 3201 3186 3285 gia

521 3308 892 3372 cominzano
939 3316 1370 3395 apcrtamente
1417 3312 1738 3374 minazzar
1796 3307 1842 3372 li
1887 3308 2124 3373 sudditi
2171 3308 2249 3372 de
2296 3309 2402 3373 1101
2449 3306 2789 3390 Catholici,
2848 3308 3185 3396 principal-

519 3423 728 3480 mente
774 3414 817 3479 li
863 3417 1006 3499 mei,
1056 3438 1175 3481 con
1223 3417 1357 3482 dire
1399 3415 1512 3481 alli
1556 3416 1752 3481 nostri
1800 3414 2155 3498 contadini,
2218 3414 2336 3480 che
2394 3437 2605 3480 vanno
2666 3414 2773 3479 alli
2816 3415 3079 3479 mercati
3132 3415 3187 3478 si

520 3522 585 3586 di
631 3521 924 3608 Augusta
970 3546 1149 3588 come
1194 3524 1273 3588 de
1320 3524 1478 3590 altre
1524 3532 1688 3589 terre
1732 3522 1994 3588 franche
2053 3530 2116 3588 et
2172 3522 2380 3588 d’altri
2427 3522 2843 3588 Protestanti:
2900 3528 3061 3587 state
3121 3521 3187 3586 di

521 3628 690 3695 bona
748 3631 988 3716 voglia,
1047 3629 1163 3696 che
1223 3639 1433 3718 presto
1492 3632 1545 3695 si
1608 3632 2003 3712 visitaremO,
2066 3628 2462 3696 exortandoli
2519 3628 2634 3694 che
2701 3652 2828 3694 non
2889 3626 3185 3694 debbano

431 3739 805 3803 30resistere
851 3761 891 3802 a
933 3737 1323 3824 l'evangeliO,
1371 3738 1686 3804 dicendoli
1732 3737 1846 3802 che
1893 3760 2092 3803 sanno
2124 3737 2239 3803 che
2270 3743 2482 3824 presto
2513 3736 2676 3803 deve
2707 3738 2890 3802 venir
2934 3738 3186 3802 natione

520 3846 849 3910 forastiera
893 3844 997 3910 nel
1041 3869 1251 3933 paese,
1297 3853 1360 3912 et
1391 3846 1506 3911 che
1544 3844 1678 3910 loro
1710 3867 1835 3910 non
1867 3843 1927 3910 lo
1961 3844 2254 3910 debbano
2287 3846 2658 3930 consentire,
2703 3843 3186 3932 promettendoli

521 3967 664 3974 ———

666 4026 706 4095 ¹)
751 4015 890 4081 Uber
917 4026 1006 4081 die
1025 4026 1207 4082 durch
1225 4026 1439 4080 Gereon
1457 4024 1641 4080 Sailer
1667 4041 1771 4080 von
1789 4025 2087 4094 Anysbury
2112 4024 2407 4093 yesaeihrten
2436 4024 2900 4094 Verhandlunyen
2923 4023 3188 4079 zwischen

519 4114 832 4185 Landyraf
859 4116 1088 4184 Philipp
1125 4115 1247 4170 und
1283 4116 1497 4185 Herzoy
1536 4114 1787 4169 Wilhelm
1823 4131 1932 4169 von
1972 4114 2187 4169 Baiern
2223 4130 2262 4168 s.
2293 4115 2459 4181 Lenz,
2499 4113 2722 4179 Briefw.
2760 4114 2882 4182 III,
2918 4113 2975 4168 S.
3004 4112 3185 4178 362ff.

520 4206 687 4261 Diese
729 4207 1191 4275 Verhandlunyen
1218 4222 1404 4259 waren
1431 4221 1485 4260 es
1513 4206 1655 4260 wohl
1681 4206 1842 4273 auch,
1878 4205 2070 4260 welche
2108 4204 2211 4259 das
2240 4202 2482 4259 Gefflcht
2519 4203 2794 4258 entstehen
2831 4199 3030 4271 lieston,
3069 4199 3188 4272 defi

432 4291 503 4345 35
524 4297 642 4349 eine
690 4294 1320 4363 Familienverbinduny
1366 4295 1629 4348 zwisalten
1675 4294 1895 4348 Baiern
1942 4293 2065 4347 und
2112 4293 2327 4348 Hessen
2376 4293 2649 4348 betrieben
2696 4293 2873 4347 werde
2905 4292 3190 4360 (Nuntius

520 4385 611 4438 La
651 4383 793 4439 Casa
830 4401 939 4439 aus
980 4384 1217 4452 Venediy
1264 4387 1342 4439 26
1378 4383 1550 4439 Novb.
1591 4386 1729 4437 1545
1769 4384 1851 4438 bei
1887 4383 2186 4452 Bone-hini,
2223 4382 2367 4437 Lett.
2407 4382 2472 4436 di
2507 4383 2721 4437 nomini
2770 4383 2849 4436 ill.
2882 4399 3016 4452 pay.
3055 4386 3192 4450 138,-

521 4472 712 4527 Aluisi
747 4474 1037 4542 Mocem'yo
1074 4477 1113 4526 8
1139 4473 1312 4541 April
1346 4490 1452 4528 aus
1479 4473 1793 4543 Anysbury,
1833 4472 2013 4526 Venet.
2041 4472 2220 4542 Depp.
2255 4473 2308 4539 Ι,
2345 4471 2401 4526 S.
2430 4474 2579 4540 456).
2664 4472 2784 4527 Wie
2819 4489 2872 4527 03
2909 4472 3055 4527 auch
3090 4471 3191 4526 der

522 4563 674 4632 obiye
710 4563 941 4617 Bericht
977 4562 1075 4617 des
1109 4563 1426 4618 Kardinals
1467 4560 1745 4632 Tmchsess
1793 4562 2181 4618 durchblicken
2217 4559 2370 4630 ῑὰζβε,
2416 4561 2618 4616 konnte
2665 4578 2798 4615 man
2833 4562 2918 4616 bei
2956 4561 3054 4616 (101·
3103 4560 3188 4616 be·

523 4651 768 4705 kannten
816 4651 1145 4722 Abneiquny
1204 4653 1483 4708 Wilhelms
1531 4652 1705 4708 wider
1741 4652 1846 4707 das
1881 4652 2053 4707 Hans
2088 4652 2387 4722 Habsbury
2423 4652 2565 4706 noch
2612 4651 2931 4721 keinesweys
2977 4651 3187 4720 missen,

433 4738 713 4794 40welche
749 4740 1002 4810 Stelluny
1051 4742 1128 4796 im
1178 4742 1632 4797 bevorstehenden
1666 4743 1840 4811 Krieq
1883 4742 2049 4812 jener
2097 4742 2414 4797 einnehmen
2463 4741 2651 4797 werde.
2741 4741 2858 4810 Vql.
2897 4740 2988 4795 die
3022 4740 3191 4803 sehon

524 4829 852 4900 anqefiae'hrte
898 4831 1313 4906 Untersuchuny
1351 4832 1591 4890 Riezlers
1625 4832 1690 4887 in
1726 4832 1834 4891 don
1869 4832 2012 4889 Abla.
2048 4832 2145 4888 der
2181 4831 2322 4888 bair.
2360 4831 2672 4888 Akadcmie.
