3859 5575
660 394 768 457 734
1664 402 1881 456 XXV1.:
1923 403 2061 457 1545
2095 402 2206 457 Juli
2245 405 2326 458 15.

451 600 588 680 15315
663 595 900 662 Trento
947 598 1011 661 vi
1059 604 1341 683 poli-emo
1389 608 1555 663 stare
1601 620 1715 685 per
1759 606 2039 686 aspettar
2091 599 2171 664 de
2216 597 2257 663 li
2304 597 2448 663 altri
2508 599 2827 685 preiuditii
2887 600 2950 662 in
3012 597 3157 686 quel
3203 598 3327 663 ebe

402 668 527 723 Ἰώ
553 673 624 725 15
657 704 918 770 rimane.

841 811 1084 893 Questa
1127 812 1271 899 lega
1314 812 1502 878 tende
1549 812 1666 878 che
1712 812 1893 879 finita
1938 813 2000 879 la
2044 813 2230 900 legha
2260 813 2326 878 di
2358 812 2802 896 Smalchaldia,
2848 811 3059 900 laqual
3103 813 3324 878 finisce

661 920 761 984 fra
806 927 901 985 tre
946 921 1133 1002 mesi,
1192 920 1245 984 si
1302 919 1463 984 faeci
1520 943 1648 985 una
1694 921 1836 1007 lega
1881 921 2205 1008 imperiale
2251 922 2572 986 conforme
2618 943 2658 984 a
2702 918 2910 1007 quella
2954 919 3017 984 di
3066 919 3321 1001 Svevia‚

658 1048 739 1092 ne
784 1024 848 1091 la
892 1026 1078 1114 quale
1122 1025 1559 1113 l’imperadore
1603 1036 1668 1092 et
1711 1026 1752 1092 il
1785 1050 1854 1093 re
1903 1050 2175 1093 saranno
2221 1030 2382 1115 capi,
2427 1035 2490 1093 et
2534 1050 2656 1093 con
2702 1034 2923 1115 questa
2967 1026 3108 1112 lega
3151 1028 3324 1091 terra
3384 1037 3424 1090 5

661 1134 933 1199 Francia
976 1135 1041 1198 in
1073 1133 1290 1217 offitio,
1337 1134 1388 1198 si
1421 1134 1777 1221 provedara
1805 1134 1868 1199 al
1899 1134 2155 1200 Tureho
2200 1143 2264 1200 et
2294 1136 2344 1199 si
2376 1137 2647 1221 pensata
2690 1158 2731 1199 a
2775 1133 2833 1199 le
2878 1156 3022 1199 cose
3052 1133 3319 1215 d'ltalia,

659 1249 721 1305 et
751 1250 970 1327 questo
1017 1242 1051 1305 ὸ
1100 1241 1265 1305 forse
1311 1239 1453 1327 quel
1502 1240 1617 1306 che
1649 1240 1975 1308 Granvela
2019 1240 2103 1306 ha
2148 1241 2339 1325 detto,
2386 1241 2501 1308 che
2545 1240 2696 1307 vuol
2743 1242 2878 1307 fare
2921 1240 3322 1328 l’imperador

659 1348 905 1435 padron
952 1349 1014 1413 di
1063 1347 1426 1432 Germania,
1475 1349 1613 1413 cioe
1660 1349 1793 1415 fare
1840 1350 1945 1414 un'
1996 1350 2226 1414 unione
2273 1358 2388 1414 ete.

838 1455 923 1520 Di
983 1465 1203 1544 questa
1261 1454 1403 1542 lega
1460 1479 1579 1521 eon
1637 1465 1801 1521 terre
1858 1455 2118 1521 francho
2176 1479 2216 1520 a
2273 1458 2374 1521 noi
2442 1479 2566 1521 non
2613 1458 2649 1520 ὸ
2695 1463 2858 1521 stata
2912 1463 3212 1521 mostrata
3258 1455 3323 1519 la

659 1563 1123 1650 capitulatione,
1170 1586 1250 1629 ne
1295 1562 1357 1627 la
1389 1563 1574 1651 quale
1616 1566 1667 1628 si
1714 1565 1920 1650 petria
1965 1565 2243 1651 scopi-ire
2288 1563 2368 1629 de
2412 1563 2470 1628 le
2515 1562 2922 1650 intelligentie
2968 1561 3211 1628 occulte
3256 1570 3320 1625 et
3345 1572 3420 1624 10

659 1669 952 1757 maligne,
999 1668 1057 1734 le
1102 1669 1273 1758 quali
1319 1672 1371 1734 si
1403 1693 1720 1758 eapranno
1753 1673 1815 1735 in
1848 1672 1999 1756 ogni
2029 1670 2235 1736 mod0.
2313 1671 2596 1736 confesso
2642 1670 2759 1736 che
2804 1693 2872 1735 se
2914 1668 3323 1757 l'imperador

662 1776 808 1843 vuol
855 1779 1139 1843 caminar
1184 1801 1304 1843 con
1352 1776 1565 1843 buona
1596 1776 1874 1860 volunta,
1922 1780 2052 1865 pub
2097 1778 2346 1843 dividet
2390 1786 2609 1866 queste
2654 1786 2819 1843 terre
2865 1800 2979 1865 per
3022 1777 3124 1842 far
3165 1776 3319 1841 l’im-

659 1907 844 1971 presa
889 1891 1112 1950 contra
1141 1886 1423 1952 Saxonia
1454 1895 1517 1950 et
1548 1884 1947 1972 l’Antgravio
1991 1892 2055 1951 et
2099 1887 2374 1950 restituit·
2418 1884 2481 1949 la
2526 1883 2826 1972 religione
2870 1886 2937 1950 in
2974 1884 3324 1950 Germania

659 2015 778 2056 con
844 1991 1159 2058 l’autorita
1228 1991 1329 2058 del
1398 1992 1661 2058 coneilio
1737 2000 1799 2058 et
1867 2015 1986 2058 eon
2053 1992 2254 2080 gloria
2328 2000 2637 2080 perpetua
2711 1991 2777 2057 di
2852 1992 2982 2058 Sua
3050 1991 3323 2058 Cesarea

659 2099 726 2163 M
732 2101 905 2164 aesta
931 2099 1001 2187 ⁸).
3351 2105 3420 2158 15

801 2314 846 2364 a)
878 2313 987 2353 Euda
1015 2314 1085 2354 cler
1116 2313 1398 2361 Handsclero't't.
