3859 5575
653 351 760 414 464
1238 355 1338 411 Nc.
1378 357 1651 411 99-100:
1692 356 1833 412 1545
1867 356 2160 411 November
2195 357 2651 413 ex.—Dezember
2692 360 2736 414 1.

430 555 568 606 1545
657 553 830 619 aiuto
877 560 941 618 et
994 550 1162 617 mille
1217 552 1374 617 altre
1421 575 1566 618 cose
1612 553 1903 619 seditiose
1951 561 2051 619 tra
2094 553 2140 618 li
2197 552 2450 641 populi,
2509 552 2682 640 quali
2728 577 2856 619 non
2902 554 3123 620 scrivo
3218 579 3333 619 ma

371 625 508 699 N‘m'
537 641 618 679 ω’·
654 658 913 725 laudato
944 661 1039 724 sia
1069 659 1194 724 Dio
1242 683 1362 725 con
1410 669 1705 726 contento
1751 658 1870 726 del'
1903 662 2115 726 animo
2162 663 2306 745 mio,
2348 660 2464 727 che
2510 661 2672 727 vedo
2718 668 2782 727 et
2826 685 3094 728 conosco
3133 685 3329 748 gran-

654 767 913 832 dissima
959 770 1313 833 constantia
1359 776 1421 832 et
1466 769 1676 833 animo
1723 767 1803 832 de
1850 769 1974 833 mei
2021 768 2255 833 sudditi
2300 768 2391 833 fin
2434 768 2675 833 adesso.

834 873 1040 959 Germ,
1087 877 1302 965 signor
1348 877 1493 958 mi0,
1541 876 1647 940 noi
1688 877 1884 940 siamo
1930 877 1999 940 in
2046 899 2175 940 una
2219 875 2462 962 grande
2505 878 2841 941 extremita
2885 884 2950 941 et
2992 878 3058 941 in
3103 884 3326 964 queste

655 1005 798 1048 cose
845 980 1205 1068 bisognaria
1251 1006 1411 1069 gran
1458 983 1756 1048 desterita
1800 989 1863 1047 et
1907 988 2265 1068 prestezza3
2310 1005 2417 1047 ma
2462 1006 2650 1070 sopra
2695 989 2855 1048 tutto
2897 983 2974 1047 V.
3007 983 3070 1049 S.
3115 985 3325 1049 exorti
3384 996 3429 1050 5

654 1091 1024 1175 monsignor
1069 1090 1134 1155 di
1182 1089 1508 1156 Granvela
1555 1089 1671 1154 che
1717 1090 1825 1154 dia
1871 1089 1995 1154 bon
2045 1090 2264 1155 ordine
2308 1090 2393 1155 ad
2438 1090 2763 1156 intendere
2808 1097 2872 1155 et
2915 1090 3219 1177 impedire
3265 1090 3328 1156 le

654 1196 941 1285 pratiche
987 1198 1052 1262 di
1099 1196 1302 1284 quelle
1364 1198 1488 1263 due
1547 1197 1711 1262 diete
1771 1197 1838 1261 di
1887 1196 2155 1263 Wessell
2210 1205 2272 1262 et
2317 1197 2685 1282 Francsort‚
2749 1196 2981 1285 perche
3040 1220 3193 1263 sono
3256 1198 3329 1264 di

653 1304 895 1390 grande
942 1306 1378 1392 importantia3
1440 1312 1502 1369 et
1561 1304 1792 1391 perche
1851 1311 2097 1370 costoro
2157 1328 2284 1371 non
2347 1304 2688 1371 solamente
2748 1328 2865 1392 per
2922 1305 2981 1371 le
3040 1304 3328 1393 pratiche

658 1412 774 1476 che
820 1413 870 1476 si
917 1413 1280 1499 imaginano
1313 1411 1682 1477 falsamente
1713 1434 1915 1477 essere
1964 1413 2118 1478 fatte
2150 1422 2247 1478 tra
2278 1412 2340 1478 lo
2370 1413 2751 1499 imperatore
2794 1413 2870 1478 e’l
2903 1436 3074 1500 papa
3103 1420 3327 1479 contra

655 1519 721 1584 di
768 1518 922 1603 loro,
967 1528 1031 1584 et
1078 1519 1279 1585 anche
1325 1544 1439 1607 per
1483 1520 1527 1585 li
1573 1519 1774 1585 delitti
1827 1528 1889 1584 et
1932 1519 2340 1586 inobedienze
2388 1519 2504 1586 che
2550 1521 2740 1586 fanno
2787 1522 2937 1607 ogni
2981 1521 3223 1606 giorn0‚
3271 1522 3325 1586 si
3350 1530 3425 1584 10

654 1637 928 1713 tengano
976 1627 1103 1692 mal
1149 1629 1342 1692 sicuri
1388 1635 1450 1692 et
1495 1634 1744 1692 temono
1791 1626 1836 1692 il
1868 1630 2127 1713 castigo,
2175 1651 2300 1693 non
2346 1630 2763 1714 riposaranno
2795 1628 2862 1692 di
2894 1650 3124 1714 pensat
3154 1627 3324 1693 mille

655 1734 1018 1799 tradimenti
1049 1757 1164 1820 per
1195 1742 1613 1820 augumentar
1642 1733 1701 1799 le
1748 1757 1858 1800 sue
1903 1735 2073 1800 forze
2121 1743 2183 1801 et
2227 1735 2540 1801 indebolir
2571 1734 2775 1823 quelle
2821 1736 2888 1801 di
2919 1736 3050 1802 Sua
3081 1735 3325 1801 Maesta

655 1850 717 1907 et
764 1841 843 1906 de
890 1840 1212 1907 Catholici.

834 1948 962 2029 Qui
1008 1971 1136 2013 non
1184 1947 1449 2034 bisogna
1495 1957 1705 2014 tacere
1750 1949 1815 2014 di
1862 1948 1964 2013 dir
2008 1948 2124 2014 che
2171 1972 2297 2014 non
2358 1950 2411 2013 si
2471 1950 2685 2015 fidano
2743 1950 2826 2013 ne
2886 1951 2939 2014 si
2997 1948 3324 2016 fidei-anno

655 2058 769 2143 pia
816 2056 882 2121 di
929 2056 1059 2121 Sua
1104 2056 1368 2140 Maesta,
1415 2079 1640 2121 manco
1689 2056 1754 2121 di
1801 2057 2167 2142 monsignor
2213 2056 2278 2120 di
2324 2056 2651 2122 Granvela
2696 2065 2757 2122 et
2801 2057 2869 2122 di
2916 2056 2993 2122 V.
3027 2057 3124 2141 S.;
3169 2059 3324 2144 pero
3353 2066 3424 2120 15

658 2166 831 2229 siano
878 2172 1047 2228 certe
1091 2163 1206 2228 che
1258 2172 1504 2230 costoro
1538 2186 1664 2228 non
1697 2187 2132 2233 mancaranno
2178 2165 2242 2228 in
2290 2166 2430 2230 tutt’
2463 2166 2485 2229 i
2516 2164 2687 2230 modi
2732 2188 2880 2230 usar
2926 2173 2990 2230 et
3035 2165 3326 2230 effettnar

657 2271 718 2336 la
762 2269 895 2336 loro
943 2273 1176 2336 astutia
1220 2280 1283 2336 et
1344 2271 1642 2359 pratiche.
1734 2294 1842 2335 ma
1897 2273 1959 2336 io
2020 2294 2198 2336 corne
2258 2271 2527 2336 vassallo
2587 2280 2651 2336 et
2708 2273 3011 2337 servitore
3067 2271 3149 2337 de
3193 2272 3329 2338 Sua

657 2378 901 2443 Maesta
947 2387 1009 2445 et
1055 2381 1262 2444 amico
1309 2380 1376 2444 di
1422 2381 1788 2466 monsignor
1835 2379 1896 2443 di
1948 2378 2273 2446 Granvela
2332 2386 2393 2445 et
2453 2379 2517 2444 di
2564 2379 2640 2444 V.
2690 2380 2773 2461 S„
2832 2401 2959 2444 non
3020 2379 3185 2444 devo
3244 2381 3326 2444 nc

657 2486 867 2572 voglio
900 2493 1107 2551 tacere
1138 2485 1342 2574 quelle
1374 2510 1515 2553 cose
1547 2485 1662 2551 che
1693 2508 2094 2551 concernono
2126 2508 2238 2551 sua
2269 2488 2682 2572 reputatione,
2714 2484 2876 2551 bene
2907 2491 2969 2549 et
2998 2487 3325 2570 necessita,

657 2594 962 2658 avisando
1025 2594 1100 2658 V.
1162 2596 1224 2661 S.
1286 2593 1403 2660 che
1462 2596 1527 2659 in
1590 2595 1793 2681 questi
1851 2594 2057 2679 giorni
2118 2592 2452 2680 periculosi
2511 2592 2820 2678 guardino
2878 2591 3041 2658 bene
3099 2594 3166 2658 in
3222 2594 3426 2659 chiso

658 2700 895 2782 fidarsi‚
942 2711 1004 2766 et
1049 2703 1327 2766 maxime
1375 2700 1694 2767 habbiano
1741 2723 1894 2767 cura
1942 2701 2108 2766 della
2155 2723 2424 2787 persona
2469 2700 2536 2765 di
2582 2700 2711 2765 Sua
2758 2699 3034 2784 Maesta,
3093 2701 3326 2789 perche

657 2811 706 2874 si
756 2809 838 2874 ha
884 2810 1062 2875 molti
1126 2809 1277 2874 mali
1336 2812 1608 2897 cxempii
1671 2811 1735 2875 di
1792 2810 2033 2895 grande
2093 2808 2490 2874 inhumanita
2546 2815 2609 2873 et
2666 2808 2907 2873 crudeli
2957 2799 3327 2875 'tradimenti

657 2919 818 2983 usati
867 2917 1024 2983 altre
1071 2916 1239 2983 volte
1286 2926 1385 2982 tra
1428 2916 1473 2981 li
1519 2918 1747 3003 grandi
1793 2919 1858 2982 in
1906 2917 1969 2982 la
2014 2917 2272 3003 Magna.

836 3023 1074 3105 Queste
1121 3049 1264 3092 cose
1311 3028 1518 3091 scrivo
1566 3027 1625 3090 io
1672 3048 1712 3090 a
1757 3024 1835 3090 V.
1884 3025 1945 3091 S.
1995 3047 2172 3090 come
2216 3047 2255 3088 a
2301 3025 2426 3089 mio
2475 3024 2845 3090 fidatissimo
2892 3024 3157 3108 fratello,
3204 3048 3325 3091 con

658 3132 950 3219 pregarla
984 3133 1214 3200 volerle
1256 3141 1717 3199 maturamente
1763 3142 1826 3198 et
1855 3132 2406 3219 particolarmente
2438 3132 2747 3197 conferit-e
2794 3155 2916 3198 con
2961 3133 3421 3218 monsignores

657 3240 724 3305 di
770 3239 1097 3306 Granvela
1151 3249 1214 3306 et
1272 3239 1415 3306 farli
1459 3241 1518 3305 le
1580 3240 2063 3306 considerationi
2122 3248 2184 3305 et
2241 3239 2487 3305 rimedii
2548 3239 2663 3305 che
2722 3239 2784 3305 la
2842 3240 3164 3326 exigentia
3222 3238 3327 3304 del

659 3369 807 3413 caso
854 3354 917 3413 et
961 3347 1061 3413 del
1108 3358 1317 3436 tempo
1364 3357 1564 3437 porta.

428 3571 559 3626 Dee.
594 3575 623 3624 1
661 3563 821 3631 100.
909 3563 1156 3629 Verallo
1200 3564 1339 3628 und
1366 3563 1673 3628 Dandino
1708 3584 1795 3627 an
1829 3564 2149 3628 Farnese:
2209 3551 2662 3645 Uber-mimum
2707 3563 2815 3627 des
2855 3562 3326 3643 franzosischen

659 3672 1070 3736 Anerbe'etms
1113 3693 1202 3735 an
1247 3671 1367 3734 dm
1413 3671 1669 3749 Kaiser,
1717 3671 1977 3736 welcher
2020 3672 2153 3752 auf
2188 3670 2690 3752 Aussclcliessmey
2736 3669 3164 3735 Frankreichs
3206 3690 3325 3733 von

658 3778 898 3844 Italian
956 3778 1197 3843 besteht.
1289 3778 1640 3860 Allyemein
1697 3777 2021 3860 yehaltene
2064 3779 2357 3842 Antwort
2414 3777 2502 3842 K.
2561 3776 2797 3841 Franz'
2843 3776 2974 3857 auf
3016 3776 3118 3840 die
3164 3775 3322 3840 Pro-
3346 3782 3421 3837 30

649 3886 928 3968 position
988 3887 1156 3949 eines
1216 3885 1622 3950 Bz’indnisses
1678 3907 1760 3950 zu
1818 3886 2269 3967 yemeinsamer
2313 3884 2717 3966 Bekrieyuny
2777 3883 2884 3947 der
2928 3883 3329 3947 Datheraner

655 3993 793 4056 und
821 3992 1177 4075 Enylamla
1257 3992 1665 4075 Ilinlealtunq
1701 3993 2045 4070 Guzma-ns,
2094 3992 2208 4056 der
2245 3992 2425 4055 kee’ne
2455 3991 2751 4055 Audiens
2790 3989 3088 4072 erlanyen
3131 3991 3325 4055 kann.

658 4100 915 4182 Emsiye
975 4100 1426 4182 Vcrhandlunq
1486 4100 1594 4164 des
1640 4100 1915 4164 Kaisers
1976 4100 2091 4163 mic
2149 4098 2427 4179 Bischof
2469 4098 2818 4176 Garde'ner,
2873 4096 3130 4162 welcher
3188 4097 3326 4161 dem

657 4209 901 4274 Kaiser
944 4208 1108 4272 nach
1166 4208 1227 4274 U
1226 4208 1420 4272 trecht
1460 4206 1667 4290 solyme.
1713 4208 1893 4272 wird.
1999 4205 2550 4286 Unzufriedmheit
2596 4205 2702 4268 des
2746 4204 3037 4283 KaiserS‚
3083 4205 3211 4287 dtfi
3259 4205 3325 4268 in

659 4316 1191 4397 Konstantinopel
1233 4338 1362 4380 nur
1408 4316 1513 4380 ein
1544 4314 1936 4397 einjs‘ihriyer
1966 4312 2311 4379 Stillstand
2354 4312 2596 4394 erzanqt
2640 4312 2765 4390 sei;
2819 4311 3011 4376 Tadel
3042 4311 3130 4376 K.
3161 4311 3418 4375 Fer-35

657 4424 954 4488 dinami&
1048 4424 1344 4505 Aussaye
1409 4422 1784 4488 Granvellas
1851 4422 2000 4485 iiber
2066 4421 2375 4486 Geriichte
2442 4441 2559 4483 von
2630 4420 2831 4483 einem
2898 4419 3329 4501 vierjc’ihriyen

656 4531 1004 4598 Stilbstand.
1095 4531 1276 4596 Neue
1333 4531 1412 4596 K
1414 4530 1591 4613 laqen
1659 4528 2042 4595 Granvellas
2112 4528 2263 4592 iiber
2328 4527 2428 4591 die
2486 4527 2815 4608 Zo'qeruny
2882 4525 2988 4589 (les
3046 4524 3325 4607 Papstae.

657 4641 796 4706 Der
852 4640 1273 4704 Beichtvater.
1367 4639 1494 4703 Die
1555 4637 1943 4720 Ausszebuny
2002 4636 2111 4700 dos
2171 4633 2531 4717 sequesters
2584 4654 2705 4698 von
2761 4632 3073 4716 Badajoz.
3165 4633 3327 4697 1545

659 4748 1002 4815 Dezember
1051 4751 1087 4811 1
1134 4747 1537 4830 Antwerpen.
