3859 5575
666 458 778 525 872
1459 462 1560 520 No.
1598 465 1839 520 77--782
1881 465 2017 520 1545
2055 420 2287 522 Oktobor
2321 465 2550 522 28—29.

450 668 589 719 1545
670 661 1001 728 Vormatia
1055 664 1125 749 ¹).
1218 684 1332 750 per
1386 660 1667 727 anchora
1725 684 1853 727 non
1910 660 2182 727 havemo
2241 667 2460 751 potuto
2519 661 2755 727 havere
2810 662 2855 727 li
2913 664 3086 728 nomi
3144 664 3347 749 parti-

407 736 636 793 mmb‘r
673 769 869 837 colari
914 769 1061 837 delli
1107 769 1296 855 eletti,
1340 793 1446 835 ma
1492 792 1782 859 speramo
1830 768 2070 835 haverli
2101 777 2164 836 et
2192 769 2417 857 poterli
2448 769 2750 836 mandare
2780 770 2932 835 sorsi
2961 792 3082 835 con
3116 778 3347 857 questo

668 879 922 968 spaccio
951 880 1023 964 ⁸).

847 985 924 1050 L'
971 986 1316 1073 imperator
1360 984 1444 1051 ha
1483 985 1633 1051 dato
1680 984 1901 1051 ordine
1947 982 2010 1050 al
2055 985 2268 1050 dottor
2297 984 2529 1068 Naves,
2576 983 2692 1049 che
2721 984 2889 1050 ando
2934 1007 2974 1049 a
3003 984 3345 1071 Magantia

667 1114 784 1182 per
851 1114 1194 1180 procurare
1265 1091 1422 1157 che’l
1493 1092 1813 1158 cardinale
1881 1092 2239 1179 d'Augusta
2305 1091 2474 1157 fusse
2540 1091 2856 1179 postulato
2928 1099 3043 1158 etc.
3104 1100 3168 1158 et
3222 1115 3339 1158 an·
3403 1116 3448 1169 5

669 1198 864 1265 chora
908 1201 961 1265 si
1007 1204 1192 1264 treva
1235 1198 1316 1283 la,
1363 1196 1480 1265 che
1526 1199 1620 1264 sia
1665 1222 1786 1264 con
1843 1200 1992 1287 quel
2037 1197 2200 1265 Iulio
2248 1198 2452 1264 Fluch
2496 1197 2682 1264 eletto
2726 1197 3213 1285 Numburgense
3273 1206 3343 1263 et

667 1329 943 1395 persona
972 1306 1151 1372 detta
1195 1314 1259 1373 et
1301 1329 1451 1372 rara
1495 1308 1560 1371 in
1592 1306 1962 1391 Germania,
1993 1313 2057 1372 et
2100 1306 2255 1393 pigli
2288 1304 2593 1392 consiglio
2639 1305 2724 1370 da
2768 1305 2858 1371 lui
2903 1304 3053 1372 delli
3095 1304 3338 1370 homini

669 1413 788 1481 che
833 1416 1082 1481 sariano
1129 1412 1282 1480 boni
1340 1437 1458 1501 per
1516 1436 1720 1480 essere
1779 1413 1951 1480 eletti
2010 1436 2127 1500 per
2182 1412 2244 1479 la
2302 1420 2485 1501 parte
2543 1414 2623 1480 de
2668 1413 2800 1479 Sua
2844 1413 3090 1478 Maesta
3146 1419 3210 1477 et
3254 1411 3339 1477 de

667 1521 997 1602 Catholici,
1046 1544 1167 1587 con
1207 1522 1467 1608 disegno
1508 1522 1574 1587 di
1606 1521 1857 1587 servirsi
1889 1519 2442 1609 particolarmente
2471 1520 2576 1587 del
2606 1521 2777 1586 detto
2809 1520 3033 1605 Fluch‚
3080 1519 3338 1606 quando

665 1630 909 1696 volesse
965 1628 1231 1717 pigliare
1289 1630 1604 1695 l'assunto.
1698 1627 2073 1694 similmente
2130 1650 2248 1715 par
2301 1627 2417 1694 che
2463 1628 2776 1695 satisfaria
2829 1650 2870 1693 a
2915 1628 3046 1694 Sua
3090 1628 3341 1693 Maesta
3367 1650 3440 1705 ιο

665 1759 781 1826 per
826 1735 870 1801 il
915 1737 1189 1803 secondo
1233 1738 1280 1803 il
1322 1736 1713 1823 provinciale
1760 1735 1840 1801 de
1871 1736 2279 1803 Carmelitani
2310 1735 2376 1800 di
2408 1735 2673 1802 Colonia
2699 1738 2784 1823 ³),
2829 1758 3099 1823 persona
3141 1734 3337 1801 molto

667 1845 920 1910 valente
966 1852 1030 1910 et
1074 1843 1159 1909 da
1215 1843 1375 1909 bene
1420 1852 1485 1909 et
1540 1842 1668 1909 alla
1724 1842 1910 1931 quale
1958 1843 2034 1908 V.
2083 1844 2144 1908 S.
2194 1843 2321 1908 R‘¹¹⁸
2365 1844 2431 1908 in
2477 1843 2836 1909 Wormatia
2896 1842 3031 1907 fece
3090 1850 3188 1907 tra
3245 1841 3338 1929 gli

666 1949 810 2017 altri
859 1952 1288 2038 recognitione
1334 1951 1399 2016 di
1448 1959 1628 2017 cento
1676 1950 1899 2016 fiorini.
1992 1949 2054 2015 al
2111 1952 2353 2016 ritorno
2415 1950 2517 2016 del
2562 1952 2803 2038 prefato
2865 1950 3078 2017 dottor
3121 1949 3339 2015 Naves

668 2060 736 2125 in
782 2066 972 2142 corte,
1022 2057 1139 2123 che
1185 2058 1389 2124 dovra
1433 2057 1677 2123 hormai
1722 2080 1892 2123 esser
1936 2066 2169 2144 preste,
2201 2058 2332 2123 Sua
2362 2057 2610 2124 Maesta
2654 2059 2705 2122 si
2737 2059 3043 2124 risolvera
3087 2081 3127 2123 a
3172 2065 3336 2123 tutto

668 2163 815 2254 quel
859 2171 1025 2231 resto
1073 2164 1191 2230 che
1234 2166 1301 2230 in
1349 2172 1572 2252 questa
1613 2166 1863 2251 pratica
1908 2163 2111 2230 havra
2154 2165 2240 2230 da
2286 2166 2448 2247 fare,
2496 2172 2558 2230 et
2602 2166 2659 2230 ci
2705 2166 2759 2229 si
2804 2186 3003 2253 pensa
3050 2188 3162 2252 per
3206 2188 3335 2230 non
3362 2186 3433 2239 15

667 2273 787 2338 dar
831 2295 986 2338 ansa
1032 2296 1072 2338 a
1115 2271 1466 2339 Lutherani
1514 2271 1580 2337 di
1611 2279 1964 2359 suspettare
2010 2280 2126 2337 etc.
2220 2271 2336 2337 che
2369 2271 2495 2337 Dio
2527 2270 2740 2358 voglia
2783 2272 2836 2335 si
2877 2273 2971 2337 usi
3020 2273 3127 2359 poi
3159 2279 3339 2337 tanta

668 2378 996 2466 diligentia
1041 2379 1205 2444 nello
1236 2379 1446 2445 effetto
1477 2377 1642 2444 della
1685 2379 1961 2466 impresa
1992 2379 2245 2467 quando
2292 2381 2438 2444 sara
2483 2386 2715 2465 tempo,
2761 2400 2941 2443 come
2987 2380 3039 2443 si
3084 2377 3150 2443 fa
3179 2377 3339 2443 hora

667 2489 734 2552 in
779 2486 980 2552 haver
1025 2487 1227 2575 questi
1274 2486 1518 2574 rispetti
1545 2488 1618 2571 ⁸).

848 2593 979 2674 Qui
1026 2593 1235 2658 hanno
1284 2593 1499 2659 lettere
1544 2592 1631 2658 da
1675 2592 2176 2680 Costantinopoli
2220 2591 2321 2658 del
2368 2592 2656 2658 Gerardo
2683 2593 2772 2680 ⁴),
2827 2601 2889 2659 et
2946 2593 3173 2659 dicano
3219 2592 3336 2659 che

669 2702 755 2768 ha
799 2700 1044 2790 parlato
1090 2708 1153 2767 et
1197 2702 1527 2790 negociato
1573 2700 1671 2767 col
1719 2701 1930 2766 Turco
1951 2750 1969 2785 ‚
2016 2708 2080 2766 et
2125 2703 2176 2766 si
2225 2725 2308 2766 va
2367 2700 2668 2767 sentendo
2732 2700 2847 2766 che
2906 2700 2968 2766 la
3025 2724 3335 2790 speranza
3353 2722 3435 2776 20

667 2832 797 2876 non
841 2811 895 2874 si
941 2808 1026 2874 ha
1070 2808 1155 2874 da
1200 2816 1412 2875 tenere
1458 2832 1524 2875 se
1570 2832 1697 2875 non
1742 2832 1856 2897 per
1900 2808 2102 2894 bona3
2150 2810 2488 2876 tuttavolta
2533 2832 2659 2875 non
2708 2833 2773 2875 se
2833 2832 2912 2875 ne
2971 2816 3147 2876 sente
3191 2833 3333 2897 par·

667 2916 798 2983 lare
845 2939 1021 2982 come
1067 2916 1457 2983 crederiamo
1502 2939 1568 2983 se
1614 2915 1652 2980 l'
1699 2918 1921 2982 avviso
1968 2917 2137 2982 fusse
2180 2918 2295 3003 pia
2342 2924 2527 2982 certo.

861 3024 1172 3090 Wiinsohe
1211 3025 1326 3107 fiir
1370 3025 1473 3090 die
1528 3024 1863 3107 Genesuny
1908 3025 2153 3108 Herzoy
2207 3025 2501 3092 Ottavioa

412 3142 530 3198 Olet.
556 3147 633 3197 28
849 3130 954 3195 Da
1000 3130 1243 3196 Gantes
1287 3154 1328 3196 a
1376 3140 1458 3198 28
1505 3131 1566 3196 d'
1614 3130 1860 3197 ottobre
1909 3139 2098 3199 1545.

407 3357 529 3414 Okt.
555 3361 634 3415 29
668 3346 780 3415 78.
872 3346 1116 3413 Verallo
1146 3347 1284 3412 und
1311 3345 1625 3412 Dandino
1654 3369 1742 3412 an
1771 3347 2092 3412 Famese:
2136 3347 2501 3413 Frithmahz
2530 3348 2626 3413 bei
2662 3347 3017 3413 Granvdla.
3089 3347 3333 3414 Dessen
3353 3365 3432 3420 25

666 3454 1229 3538 Entschuldiyuny,
1278 3455 1417 3536 dass
1461 3477 1530 3520 er
1575 3455 1693 3520 das
1723 3454 2069 3520 Memorial
2096 3456 2243 3520 iiber
2275 3456 2378 3520 die
2407 3453 3334 3537 Partikularanyeleqenheiten

663 3562 823 3627 noch
875 3561 1046 3626 nicht
1100 3561 1374 3645 erlediqt.
1468 3562 1659 3628 Scine
1713 3562 2066 3645 ΊἸιᾶἐίρΙῡεὶι
2125 3563 2220 3627 bei
2278 3562 2388 3627 der
2434 3562 2768 3628 Rfickkekr
2821 3563 2932 3627 der
2978 3561 3333 3628 Deutschen

665 3686 788 3734 aus
833 3669 1247 3734 Frankreieh.
1324 3669 1628 3735 Aussicht
1673 3671 1808 3750 auf
1829 3668 2168 3735 Stillstand
2207 3670 2514 3736 zwisalten
2543 3669 2942 3735 Frankreich
2983 3670 3123 3734 und
3151 3669 3330 3753 Eny-

666 3776 837 3842 land.
946 3775 1400 3859 Verhandluny
1456 3778 1576 3841 mit
1638 3776 1992 3842 Granvella
2058 3776 2209 3842 iiber
2276 3778 2378 3843 die
2438 3775 3127 3854 Konzilstranslatiom
3191 3779 3331 3842 sein

679 3883 1038 3967 Vorschlay,
1106 3885 1222 3948 mit
1281 3883 1452 3949 allen
1508 3885 1979 3950 entschiedenen
2039 3883 2427 3968 Mastreyeln
2494 3883 2860 3948 anderthalb
2918 3883 3183 3950 Monate
3247 3907 3330 3951 zu
3348 3902 3423 3956 30

664 3995 919 4055 warten.
1016 3990 1325 4073 Stdndiye
1370 3989 1870 4075 Beschdftiyunq
1916 3992 2024 4057 des
2069 3991 2346 4057 Kaisers
2390 3993 2510 4056 mit
2553 3991 2665 4056 der
2700 3991 3180 4075 Anqeleyenheit
3224 3994 3331 4058 des

809 4152 854 4200 a)
883 4150 923 4191 si
951 4149 1024 4192 uni
1052 4172 1104 4180 —
1133 4150 1280 4200 questi
1308 4150 1485 4202 rispetti
1512 4153 1557 4191 in
1591 4151 1780 4203 Chnjffern.

810 4241 852 4307 1)
888 4240 1047 4296 Laut
1094 4241 1135 4313 ,ξ
1181 4245 1220 4295 8
1266 4240 1363 4296 des
1408 4240 1536 4296 ΕΑ.
1585 4259 1692 4297 von
1738 4242 1953 4297 Wornw
1999 4243 2196 4298 sollten
2244 4242 2334 4298 die
2380 4243 2783 4311 Kolloquenten
2833 4243 3027 4297 bereits
3076 4243 3159 4299 bis
3204 4262 3330 4300 eum

663 4333 730 4384 15
768 4330 1076 4401 September
1113 4330 1233 4386 dem
1271 4331 1473 4386 Kaiser
1510 4332 1791 4402 anyezeiyt
1826 4332 2055 4388 werden.

809 4417 850 4489 ¹)
900 4419 1014 4491 Vyl.
1053 4419 1157 4475 dos
1191 4421 1410 4475 moleste
1445 4421 1628 4476 Stack.
3346 4428 3423 4483 35

809 4508 849 4578 ⁸)
886 4508 1184 4564 Eberhard
1218 4509 1438 4565 Binick.

806 4596 851 4668 ⁴)
886 4598 971 4653 Es
1005 4599 1079 4654 ist
1114 4599 1258 4654 wohl
1292 4599 1391 4654 der
1426 4598 1600 4665 Brief
1627 4616 1746 4655 vom
1784 4602 1819 4654 7
1852 4599 2161 4669 September
2206 4599 2407 4667 (Lam,
2448 4596 2693 4666 ὕονται).
2729 4599 2809 4653 ΙΙ
2836 4599 2892 4654 S.
2932 4602 3040 4654 466
3073 4617 3159 4655 nr.
3198 4604 3329 4669 546)

659 4687 913 4756 qemeint,
950 4689 1016 4742 in
1050 4689 1294 4744 welchem
1344 4688 1610 4760 Veltwyck
1644 4706 1759 4745 nur
1793 4689 2055 4759 schreibt,
2103 4687 2224 4757 dost
2262 4689 2350 4744 die
2395 4686 2861 4759 Unterhandzunq
2897 4689 3053 4743 nieht
3087 4706 3147 4744 so
3179 4691 3329 4759 alate

662 4782 978 4832 vonstatten
1008 4778 1156 4848 yche,
1192 4779 1294 4834 wie
1329 4796 1461 4833 man
1491 4779 1713 4850 yehofft,
1750 4779 1851 4834 der
1885 4776 2176 4849 Abschlust
2227 4778 2325 4833 der
2372 4777 2831 4848 Unterhandlunq
2858 4777 3063 4847 jedoch
3096 4779 3162 4833 in
3199 4781 3328 4835 aoht

668 4865 856 4935 Tagen
889 4883 960 4921 zu
996 4872 1264 4924 erwarten
1299 4867 1391 4924 sei.
3346 4871 3419 4928 40
