3859 5575
1489 464 1588 532 No,
1629 476 1761 532 121:
1804 476 1942 533 1546
1979 474 2211 532 Februar
2246 466 2296 532 4.
3113 466 3218 535 551

733 668 826 737 Le
872 695 1015 738 cose
1060 672 1227 738 della
1274 675 1526 759 signora
1573 673 1844 738 Vittoria
1898 680 2173 760 tengono
2229 675 2336 761 qui
2383 672 2765 759 pochissima
2811 674 3215 760 dispositione

553 788 730 846 tanto
762 778 858 845 col
890 781 1085 867 padre
1116 802 1292 845 come
1323 778 1420 846 col
1451 778 1623 866 figlio
1657 780 1725 868 ¹),
1773 780 2045 846 secondo
2093 780 2208 845 che
2254 778 2358 844 dal
2404 779 2655 868 pariare
2700 780 2765 845 di
2811 780 2942 846 Sua
2973 780 3217 846 Maesta

553 889 812 975 propria
858 889 910 952 si
956 888 991 951 e
1037 895 1257 974 potuto
1306 887 1773 973 comprendere.
1852 894 1914 953 et
1960 887 2161 952 anche
2217 888 2284 951 in
2331 895 2551 973 questo
2598 888 2684 952 mi
2728 911 2847 974 par
2890 887 2959 952 di
3004 890 3221 953 venire

558 993 681 1059 ben
725 994 1015 1059 resoluto.

501 1111 535 1163 5
736 1101 817 1166 Α1
850 1107 1171 1189 sequestro
1203 1100 1266 1164 di
1302 1100 1577 1166 Badaioz
1625 1103 1677 1165 si
1723 1101 1758 1164 e
1805 1101 2149 1166 remediato
2192 1107 2778 1187 opportunamente‚
2823 1109 2888 1166 et
2933 1103 3224 1168 credemo

556 1208 671 1274 che
717 1232 842 1273 non
892 1210 949 1274 ci
996 1213 1136 1273 sara
1185 1209 1296 1293 piu
1344 1205 1665 1272 difficulta.

735 1316 857 1380 Per
902 1314 942 1378 li
1006 1312 1416 1379 executoriali
1478 1312 1639 1378 delle
1698 1313 1943 1379 decime
2000 1314 2065 1380 di
2112 1313 2340 1401 Napoli
2399 1315 2435 1377 0
2479 1316 2833 1380 necessario
2890 1323 3223 1403 aspettare,

554 1421 761 1486 finche
807 1421 939 1487 Sua
983 1421 1230 1486 Maesta
1287 1423 1381 1485 sia
1436 1422 1659 1506 giunta
1716 1443 1757 1485 a
1802 1420 2183 1505 Ratisbona‚
2240 1429 2304 1486 et
2362 1444 2489 1486 non
2535 1423 2592 1486 ci
2639 1422 2675 1485 e
2737 1430 2898 1487 stato
2960 1423 3224 1488 rimedio

556 1528 894 1593 altrimenti
941 1550 1056 1615 per
1113 1527 1171 1591 le
1229 1527 1446 1594 lettere
1504 1525 1661 1593 che'l
1708 1528 1917 1593 vicere
1978 1527 2060 1591 ha
2119 1529 2333 1594 scritto
2394 1527 2561 1594 della
2617 1536 2903 1594 extrema
2960 1535 3226 1615 poverta

471 1644 539 1697 10
559 1635 623 1698 di
671 1634 816 1722 quel
862 1634 1044 1699 clero.

735 1743 860 1807 Per
906 1741 964 1806 le
1010 1740 1249 1828 spoglie
1296 1742 1360 1806 di
1408 1741 1622 1828 Sagen
1665 1741 1872 1807 hanno
1920 1744 2135 1807 scritto
2177 1743 2719 1829 gagliardamente
2765 1742 2879 1807 che
2926 1744 2974 1806 si
3024 1743 3225 1807 faccia

556 1850 812 1932 iustitia,
860 1857 925 1913 et
969 1871 1097 1913 non
1144 1848 1321 1914 altro.

734 1955 860 2020 Per
904 1953 967 2019 la
1011 1955 1386 2020 commenda
1421 1955 1485 2019 di
1520 1953 1805 2020 Barletta
1850 1978 1977 2019 non
2024 1957 2059 2018 e
2107 1962 2269 2021 stato
2316 1955 2611 2043 possibile
2658 1957 2756 2021 far
2802 1979 2950 2021 cosa.
2995 1955 3225 2022 alcuna

556 2086 669 2150 per
713 2064 1012 2127 instantia
1055 2061 1298 2147 grande
1357 2061 1473 2127 che
1528 2085 1596 2127 se
1641 2084 1720 2126 ne
1768 2063 1862 2126 sia
1907 2062 2083 2129 satta.
2176 2063 2306 2128 solo
2367 2087 2432 2128 se
2490 2087 2570 2129 ne
2630 2086 2782 2128 sono
2842 2062 3078 2128 havute
3135 2063 3223 2128 al·

467 2180 718 2235 15011110
766 2169 929 2234 bone
975 2169 1211 2256 parole.

733 2277 883 2341 Don
930 2277 1290 2341 Francesco
1350 2276 1430 2340 de
1476 2274 1717 2342 Toledo
1766 2278 1800 2340 ὸ
1848 2285 2012 2342 stato
2074 2275 2257 2341 anch'
2305 2299 2443 2341 esso
2506 2276 2752 2362 spedito
2812 2277 2877 2341 di
2938 2300 3064 2364 qua
3110 2299 3224 2365 per

554 2385 616 2450 la
661 2408 776 2449 sua
823 2385 1261 2449 commissione
1307 2383 1373 2448 di
1421 2383 1658 2449 Trento
1687 2387 1760 2466 ²).
1844 2392 1908 2449 et
1953 2383 2284 2449 Marchina
2330 2406 2396 2448 se
2443 2406 2522 2448 ne
2570 2407 2652 2449 va
2697 2407 2815 2449 con
2865 2406 3004 2449 esso
3048 2383 3137 2448 fin
3186 2406 3225 2447 a

556 2492 852 2576 Colonia3
898 2491 964 2555 di
1010 2491 1220 2556 donde
1265 2493 1370 2577 poi
1418 2489 1687 2577 pigliara
1730 2490 1794 2556 la
1838 2498 2041 2577 posta,
2090 2513 2156 2556 se
2201 2514 2328 2555 non
2376 2492 2427 2555 si
2475 2499 2649 2556 muta
2677 2490 2750 2580 ³).

553 2742 660 2778 non
700 2721 730 2778 ὸ
769 2741 866 2796 per
903 2731 1315 2796 pretermettere
1344 2723 1544 2778 alcuna
1580 2729 1727 2778 sorte
1755 2721 1998 2793 d'officii‚
2036 2720 2246 2795 purche
2276 2723 2329 2777 la
2366 2722 2511 2794 speri
2547 2722 2602 2776 di
2639 2730 2798 2794 poter
2832 2723 2948 2777 fare
2986 2724 3222 2795 qualche

464 2813 534 2865 20
555 2815 701 2868 buon
739 2814 914 2868 frutto
951 2831 986 2868 a
1013 2813 1279 2868 beneficio
1305 2812 1545 2884 public0.
1624 2813 1854 2880 Neapel‚
1883 2812 2049 2868 Carte
2078 2812 2301 2867 Farnes.
2331 2812 2464 2868 fasc.
2497 2813 2619 2881 727,
2656 2830 2760 2868 von
2796 2813 3007 2877 Maffeo
3044 2813 3221 2867 karri-

550 2905 751 2971 91'ertes
785 2902 1054 2970 Komept.
1095 2931 1158 2941 —-
1198 2903 1274 2955 In
1311 2903 1546 2956 Florem
1580 2902 1794 2955 scheint
1828 2919 1964 2955 man
1998 2902 2257 2972 abriyens
2293 2919 2403 2956 von
2438 2902 2758 2970 derarte'yen
2790 2902 3085 2956 Absichten
3121 2902 3223 2956 der

553 2992 733 3045 Kurie
769 2993 915 3046 auch
951 3007 1288 3045 vernommen
1323 3008 1395 3044 zu
1431 2991 1639 3056 habem-
1684 2989 1976 3045 Sar-istm
2011 2992 2334 3060 weniystens
2367 2991 2600 3045 schreibt
2636 3008 2728 3045 am
2762 2995 2839 3046 27
2867 2991 3047 3058 Febr„
3084 2992 3226 3045 wohl

553 3080 670 3146 auf
694 3082 812 3134 eim
849 3079 1101 3149 Anfraye
1135 3081 1266 3133 hin.-
1303 3080 1358 3133 la
1393 3087 1596 3133 venuta
1630 3080 1683 3132 di
1726 3078 1964 3133 Farnese
2001 3096 2035 3133 a
2072 3087 2269 3150 questa
2304 3088 2455 3135 corte
2491 3096 2598 3133 non
2638 3080 2710 3134 ha
2745 3080 3028 3135 riscontro.

702 3168 738 3236 ¹)
774 3169 849 3222 D.
880 3169 916 3221 i.
945 3185 1077 3222 man
1105 3169 1347 3221 wanscht
1375 3185 1466 3222 am
1484 3167 1817 3234 Kaiserkofe
1843 3168 2020 3222 weder
2047 3169 2136 3222 die
2174 3168 2542 3238 Vermc'ihlunq
2583 3168 2850 3224 Victorias
2874 3171 2977 3224 mit
3004 3170 3221 3239 Heu-209

463 3255 533 3308 25
553 3256 706 3312 Karl
739 3257 860 3325 III,
899 3258 1039 3311 noch
1073 3257 1175 3311 mit
1212 3256 1388 3311 Prinz
1423 3257 1704 3313 Emanuel
1739 3259 2014 3313 Philibert
2050 3276 2156 3313 von
2192 3259 2456 3329 Savoyen.

698 3347 738 3414 ²)
777 3347 935 3401 Scine
980 3347 1280 3402 Vollmacht
1317 3347 1507 3402 wurde
1542 3364 1659 3402 vom
1697 3348 1903 3403 Kaiser
1938 3349 2081 3403 noch
2117 3349 2181 3401 in
2225 3348 2465 3416 Utrecht,
2517 3354 2680 3402 untes·
2717 3347 2838 3402 dem
2872 3351 2911 3401 2
2946 3346 3220 3414 Februar,

553 3434 927 3504 ausyefertiyt.
1001 3435 1184 3505 Rayn.
1223 3436 1371 3490 Ann.
1411 3440 1564 3502 1546,
1601 3435 1641 3506 ,ξ
1675 3441 1749 3492 52
1787 3438 1931 3491 nach
1967 3438 2301 3492 Massareui.

697 3523 735 3592 ²³)
775 3525 938 3579 Nach
975 3525 1072 3579 der
1107 3543 1177 3579 zu
1203 3541 1288 3579 nr.
1321 3529 1431 3578 1:20
1466 3542 1844 3595 anyezoyenen
1871 3524 2299 3595 Aufzeichnuny
2327 3527 2674 3581 Massarellis
2706 3543 2832 3580 zum
2867 3529 2935 3579 18
2959 3524 3220 3580 Februar

550 3614 739 3668 wurde
777 3615 1088 3683 Marquina
1122 3632 1202 3667 απ
1230 3615 1428 3669 diesem
1459 3616 1604 3685 Taye
1638 3616 1703 3669 in
1743 3615 1935 3670 Trient
1972 3621 2227 3671 evwartot
2263 3617 2388 3685 (091.
2417 3617 2572 3671 Mon.
2616 3616 2767 3670 Tria.
2806 3631 2892 3669 nr.
2923 3617 3071 3682 342).
3112 3615 3219 3668 Am

461 3702 532 3755 30
553 3707 632 3757 19.
671 3704 906 3758 erziihlte
941 3703 1232 3757 Kardinal
1264 3704 1571 3759 Μαάθ-πεπυ
1617 3705 1735 3759 dem
1772 3705 2083 3759 mimlichen
2121 3707 2321 3773 Amor,
2357 3721 2472 3759 was
2508 3704 2821 3773 Mar-quina
2856 3704 2968 3757 ihm
3011 3703 3212 3774 ‘locate'

550 3793 863 3862 mityeteilt‚
914 3793 1154 3847 ndmlich
1190 3793 1335 3864 quod
1373 3795 1670 3863 imperator
1705 3792 1937 3848 firmiter
1986 3794 2244 3849 statuerit
2291 3794 2495 3848 bellum
2533 3793 2866 3848 Lutheranis
2913 3792 3112 3847 inferre
3160 3794 3218 3846 in

551 3899 675 3937 vere
728 3883 1001 3953 proximo,
1050 3882 1155 3936 hac
1212 3891 1434 3953 arrepta
1482 3883 1768 3938 occasione
1813 3900 1878 3937 ex
1924 3884 2099 3938 dieta:
2157 3883 2262 3938 ibit
2308 3899 2545 3955 namque
2590 3882 2792 3938 Caesar
2838 3881 3217 3950 Ratisbonam‚

552 3989 676 4026 cum
706 3971 1038 4026 Lutheranis
1066 3989 1166 4042 pro
1195 3972 1488 4026 concordia
1514 3980 1660 4041 aget.
1725 3972 1831 4042 ipsi
1862 3973 2209 4027 concordiam
2237 3971 2511 4027 obstinate
2540 3972 2803 4043 rejicient.
2869 3970 3218 4026 vocabuntur

549 4062 620 4115 ad
648 4062 956 4116 concilium.
1031 4061 1138 4130 ipsi
1167 4062 1349 4116 venire
1381 4060 1731 4116 recusabunt.
1806 4079 1904 4133 spe
1941 4062 2113 4132 igitur
2148 4060 2456 4116 amicabilis
2495 4068 2765 4116 tractatus
2802 4060 3071 4116 frustrata
3090 4063 3215 4131 jure

458 4150 529 4203 35
550 4150 752 4205 Caesar
789 4151 858 4204 ad
886 4150 1091 4205 bellum
1131 4151 1384 4205 devenire
1410 4168 1572 4222 posse
1609 4151 1889 4205 existimat
1910 4156 2138 4221 tumque
2163 4151 2311 4222 apud
2340 4150 2522 4205 Deum
2549 4160 2606 4206 et
2634 4150 2881 4205 homines
2913 4151 3215 4219 legitimam

550 4240 953 4293 excusationem
993 4239 1310 4294 habiturum
1348 4240 1665 4308 arbitratur,
1704 4256 1914 4295 necnon
1954 4257 1988 4293 a
2023 4239 2285 4310 pontifice
2329 4241 2566 4311 primum
2617 4247 2675 4294 et
2724 4240 2919 4294 deinde
2969 4238 3042 4294 ab
3091 4240 3214 4294 aliis

547 4327 889 4398 principibus
927 4313 1240 4383 christianis
1278 4328 1562 4400 suppetias
1591 4337 1950 4398 accepturum
1989 4347 2097 4382 non
2136 4337 2369 4383 veretur.
2443 4329 2548 4384 hoe
2578 4335 2757 4383 tamen
2788 4335 2999 4384 secreto
3027 4336 3211 4383 tenen-

547 4417 677 4470 dum
715 4417 1012 4484 admonuit,
1058 4434 1125 4471 110
1177 4434 1234 4471 1-0
1282 4418 1352 4471 ad
1390 4417 1831 4472 Lutheranorum
1882 4418 2079 4473 notitia
2126 4418 2365 4472 deducta
2415 4425 2529 4473 tam
2565 4426 2819 4473 sanctum
2865 4435 3004 4488 opus
3041 4418 3212 4488 impe·

548 4505 759 4570 diatur;
801 4522 970 4575 quare
1006 4507 1236 4559 maxime
1274 4516 1466 4577 optare
1502 4506 1790 4561 Caesarem
1842 4515 1906 4561 ut
1944 4508 1998 4560 in
2044 4507 2275 4562 concilio
2328 4515 2538 4562 mature
2587 4508 2918 4578 procedatur
2966 4507 3212 4577 nihilque

458 4595 531 4648 40
549 4595 695 4666 quod
735 4594 1081 4649 Lutheranos
1128 4602 1353 4665 tangat,
1405 4613 1505 4665 pro
1547 4613 1693 4651 nunc
1744 4596 2124 4658 tractandum.
2173 4597 2346 4651 donec
2386 4597 2678 4668 MaJestate
2715 4596 2828 4652 Sua
2873 4595 3212 4651 Ratisbonae

548 4685 813 4738 existente
840 4685 1021 4738 omnia
1049 4684 1203 4754 prius
1230 4685 1302 4738 ad
1332 4686 1582 4739 unionem
1612 4685 2011 4740 conciliandam
2040 4686 2390 4756 experiantur
2409 4687 2708 4756 majorique
2738 4688 2949 4741 ratione
2968 4686 3038 4740 ad
3058 4703 3213 4739 arma

546 4773 797 4826 devenire
827 4781 996 4844 atque
1033 4774 1086 4827 id
1128 4790 1163 4827 a
1203 4772 1466 4843 pontifice
1500 4773 1812 4846 efflagitare
1850 4773 2040 4844 [sicIJ.
2101 4775 2251 4830 Arm.
2282 4776 2350 4828 ⁴32
2389 4775 2492 4829 vol.
2522 4777 2586 4828 91
2628 4775 2720 4830 fol.
2752 4777 2836 4830 80.
2919 4776 3032 4844 Vyl.
3071 4775 3212 4829 noch

546 4863 702 4917 Mon.
742 4861 894 4916 Tria.
930 4880 1016 4915 nr.
1055 4866 1178 4916 344.
1219 4867 1340 4917 345.
1381 4893 1443 4902 -
1486 4867 1708 4931 Quanto
1745 4864 1852 4918 alle
1889 4881 2016 4919 cose
2054 4866 2111 4918 di
2148 4864 2468 4936 Mar-quina,
2506 4865 2714 4920 schrieb
2752 4864 3044 4919 Kardinal
3084 4864 3210 4922 otto

3291 676 3429 727 1546

3254 744 3315 799 Γ
3320 745 3397 799 br.
3429 748 3463 798 4
