3859 5575
1488 435 1589 490 No.
1626 438 1723 491 83:
1766 436 1900 491 1545
1939 436 2229 491 November
2267 439 2314 491 6.
3125 434 3233 503 403

566 631 608 695 li
657 630 798 695 altri
847 632 1006 694 avisi
1054 631 1139 694 da
1184 630 1731 717 Constantinopoli
1792 632 1856 696 in
1904 634 2128 698 timore
2157 632 2211 720 ⁸)
2260 639 2323 697 et
2367 640 2654 698 tremore.
2746 657 2811 697 se
2857 635 2984 720 pub
3030 633 3230 700 anche

566 740 952 823 aggiungere
1001 736 1116 801 che
1165 739 1363 825 questi
1411 740 1580 825 paesi
1630 740 1921 824 potriano
1968 762 2136 804 esser
2182 748 2245 805 et
2289 742 2400 826 piu
2456 740 2746 805 catholici
2804 748 2867 806 et
2912 743 3022 828 piu
3083 764 3229 806 con-

567 848 722 909 tenti
772 846 836 909 di
883 845 1013 910 Sua
1060 845 1305 909 Maesta
1351 851 1414 908 et
1459 828 1625 910 della
1669 849 1889 932 regina
1936 847 2144 911 Maria
2188 848 2305 912 che
2350 871 2475 912 non
2524 871 2710 932 sono,
2757 848 2922 913 onde
2969 848 3235 935 bisogna

570 951 810 1016 haverli
857 951 942 1037 gl’
991 951 1155 1015 ochii
1201 950 1321 1017 alle
1366 954 1558 1032 mani,
1607 955 1898 1019 massime
1946 977 2012 1017 se
2058 954 2403 1021 Lutherani
2453 978 2518 1019 se
2562 962 2992 1020 accostassero
3039 956 3231 1021 molto

515 1061 630 1121 5in
681 1082 825 1145 qua,
875 1081 1052 1122 come
1099 1081 1216 1145 par
1261 1058 1376 1123 che
1409 1060 1540 1124 Sua
1573 1060 1818 1125 Maesta
1850 1068 2033 1125 tema.
2112 1070 2175 1127 et
2205 1064 2356 1147 pero
2402 1065 2767 1148 monsignor
2811 1062 2876 1127 di
2909 1057 3234 1128 Granvela

569 1165 650 1229 ha
697 1166 869 1230 detto
917 1188 952 1230 a
1000 1188 1102 1229 me
1148 1165 1698 1253 particolarmente
1743 1167 1889 1253 (che
1934 1168 2025 1232 fui
2072 1192 2200 1233 non
2246 1168 2382 1233 hier
2427 1168 2628 1235 l’altro
2690 1193 2832 1235 seco
2880 1194 2921 1234 a
2963 1170 3233 1257 pranzo)

569 1272 684 1337 che
731 1279 951 1360 questo
1000 1274 1266 1338 sussidio
1314 1272 1428 1338 che
1474 1273 1535 1338 lo
1580 1275 1959 1360 imperatore
2023 1275 2106 1340 ha
2164 1286 2539 1343 novamente
2596 1300 2723 1341 non
2788 1300 2978 1342 senza
3038 1277 3236 1361 fatiga

571 1390 633 1444 et
681 1379 896 1444 buona
940 1388 1074 1444 arte
1121 1382 1396 1445 oratoria
1443 1381 1527 1444 da
1573 1384 1775 1469 questi
1824 1384 2029 1469 paesi,
2077 1391 2239 1448 tutto
2287 1385 2336 1447 si
2385 1384 2696 1470 spendera
2741 1406 2866 1471 qua
2915 1385 2978 1448 in
3029 1392 3233 1449 custo-

574 1487 680 1552 dia
726 1497 787 1551 et
834 1488 1272 1552 fortificatione
1319 1488 1451 1552 loro
1466 1539 1483 1572 ,
1532 1497 1595 1553 et
1639 1513 1678 1553 a
1723 1498 1941 1577 questo
1989 1490 2330 1555 mcdesimo
2392 1493 2600 1557 effetto
2647 1494 2853 1579 potria
2898 1515 3066 1556 esser
3120 1490 3234 1558 che

484 1605 551 1657 10
571 1597 620 1659 si
670 1597 974 1660 facessero
1022 1597 1238 1659 venire
1284 1595 1368 1660 da
1400 1596 1800 1662 Continentia
1845 1598 1901 1662 le
1948 1600 2285 1662 munitioni
2332 1597 2493 1663 delle
2539 1599 2709 1685 quali
2757 1599 2808 1663 si
2855 1601 3075 1663 scrisse
3120 1622 3236 1685 per

568 1702 785 1785 l'altrc‚
829 1710 889 1765 et
938 1702 1053 1766 che
1100 1704 1288 1766 etiam
1338 1703 1421 1767 da
1454 1712 1672 1789 questo
1706 1704 1780 1768 V.
1815 1705 1878 1769 S.
1913 1705 2040 1770 Βηηι
2089 1706 2249 1770 vedc
2293 1705 2351 1770 le
2398 1707 2685 1792 angustie
2732 1705 2796 1769 di
2829 1707 2959 1773 Sua
2990 1705 3235 1770 Maesta

566 1818 628 1874 et
675 1809 716 1872 li
763 1808 1229 1895 impedimenti3
1289 1810 1454 1875 dove
1502 1811 1758 1877 intendo
1806 1811 1921 1876 che
1981 1812 2023 1876 li
2071 1836 2286 1899 preme
2346 1813 2800 1878 infinitamente
2854 1812 3073 1878 l'aviso
3120 1812 3234 1879 che

569 1918 618 1980 si
667 1915 776 1999 ha,
835 1916 949 1981 che
997 1917 1306 1982 Bransvic
1362 1920 1414 1982 si
1461 1919 1552 1982 sia
1599 1919 1939 1983 accordato
1987 1942 2106 1984 con
2152 1918 2483 2005 langravio
2516 1920 2587 2008 ¹),
2635 1943 2700 1985 se
2746 1944 2868 2009 pur
2912 1923 3044 1986 cosi
3091 1921 3235 1987 sara

606 2073 1097 2081 ——.---—-.——.

711 2170 752 2215 a)
784 2168 856 2207 Die
888 2169 1037 2219 Ckiffer
1061 2169 1252 2217 aestans!
1279 2168 1432 2208 smrohl
1458 2169 1611 2209 timore
1651 2170 1714 2209 uls
1750 2171 1859 2209 auch
1890 2170 2038 2220 vigore
2067 2170 2336 2220 masnadam,-
2371 2170 2443 2210 do·
2471 2170 2685 2222 ocem-eur
2715 2172 2870 2211 scm-iel>
2896 2172 3082 2222 ansanqs
3102 2172 3233 2221 jonos.

479 2228 544 2280 15
568 2251 637 2278 ιιιιι
666 2251 709 2279 cs
735 2240 848 2279 dmm
884 2264 925 2268 —
958 2242 1092 2279 sicher
1120 2241 1195 2280 mit
1231 2240 1405 2280 [ἴηνα-Μ
1435 2262 1483 2269 -
1512 2240 1643 2280 dunch
1672 2240 1820 2291 vigore
1847 2253 1900 2281 ,m
1927 2242 2117 2282 arsetam.

712 2330 751 2395 ¹)
792 2330 899 2382 Am
938 2336 972 2383 9
1010 2332 1314 2385 November
1349 2331 1556 2385 schm'eb
1596 2331 1802 2383 Kaiser
1839 2331 1990 2385 Karl
2024 2351 2102 2385 cm
2148 2334 2334 2386 seinen
2371 2332 2596 2385 Bruder
2632 2331 2997 2385 Fer-dinami:
3049 2333 3237 2397 Quant

566 2437 638 2472 au
677 2419 784 2472 duc
821 2420 889 2473 de
929 2419 1291 2491 Brauswych,
1328 2421 1574 2475 encoircs
1622 2422 1822 2490 n’ay—je
1870 2439 2000 2476 scen
2053 2422 2449 2476 certainement
2497 2421 2756 2475 entendre
2793 2421 2848 2474 la
2893 2420 3131 2474 maniere
3167 2422 3235 2474 de

567 2526 629 2561 sa
663 2508 876 2578 prinae,
914 2509 968 2562 la
1004 2509 1185 2579 quelle
1221 2528 1255 2563 a
1291 2518 1436 2578 este,
1485 2527 1695 2565 comme
1733 2509 1783 2564 le
1819 2511 2000 2564 donne
2036 2529 2071 2564 a
2107 2511 2367 2565 entendre
2404 2511 2716 2581 lantgrave,
2756 2527 2897 2580 pour
2931 2509 3083 2564 avoir
3120 2517 3236 2564 este

568 2596 854 2651 abandone
892 2599 988 2652 des
1013 2599 1160 2653 siens
1198 2617 1439 2671 propres.
1515 2599 1860 2669 [Landgraf
1880 2601 2116 2668 Philipp
2145 2601 2297 2654 hatte
2325 2599 2561 2667 alsbald,
2595 2600 2925 2669 yemeinsam
2951 2600 3053 2654 mit
3082 2600 3236 2653 Kur-

478 2684 548 2736 21)
567 2687 810 2753 sachsen,
850 2687 1124 2742 Nih-olaus
1156 2705 1261 2742 ron
1291 2689 1597 2743 Ko'nneritz
1634 2708 1711 2743 an
1748 2689 1857 2743 den
1888 2690 2092 2743 Kaisar
2115 2689 2367 2759 yesandt,
2405 2706 2497 2741 um
2537 2688 2644 2743 den
2683 2688 2923 2754 Vei-lauf
2950 2689 3043 2743 des
3070 2689 3236 2742 Feta-

565 2793 724 2844 wyes
770 2778 1113 2848 anzuzev'yen.
1189 2775 1371 2847 Jsszeib
1409 2798 1459 2833 a.
1500 2797 1549 2833 α.
1593 2778 1652 2834 Ο.
1691 2778 1744 2833 S.
1783 2777 1930 2850 138].
2014 2787 2070 2834 et
2118 2779 2326 2834 aultres
2373 2778 2554 2833 disent
2603 2795 2711 2850 que
2758 2795 2822 2833 ee
2870 2795 2905 2832 a
2951 2783 3068 2833 este
3103 2795 3237 2834 avec

567 2866 935 2936 intelligence,
973 2885 1112 2937 pour
1149 2875 1272 2922 tant
1309 2869 1434 2939 plus
1473 2875 1557 2923 tot
1593 2869 1847 2938 parvenit
1884 2887 1917 2921 a
1953 2869 2152 2923 accord
2190 2885 2323 2923 avec
2361 2869 2661 2938 lantgrave.
2737 2877 2793 2923 et
2833 2870 2890 2938 je
2939 2886 2976 2937 y
3027 2885 3097 2938 ay
3145 2884 3236 2921 en·

567 2973 705 3026 voye
747 2965 1151 3027 expressement
1180 2975 1319 3027 pour
1347 2975 1415 3011 en
1444 2958 1703 3012 entendre
1730 2965 1787 3012 et.
1823 2959 2036 3012 scavoir
2073 2958 2128 3012 la
2154 2958 2325 3011 verite
2361 2975 2495 3012 avec
2533 2958 2736 3027 charge
2772 2974 2807 3011 a
2843 2957 3025 3026 celluy
3063 2974 3171 3028 que
3199 2975 3236 3027 y

567 3052 655 3099 est
679 3046 803 3110 alle,
833 3046 901 3100 de
929 3047 1073 3100 tenir
1101 3049 1245 3100 main
1275 3064 1467 3101 envers
1500 3048 1549 3100 lc
1577 3048 1660 3101 dit
1689 3047 1972 3118 lantgrave
2002 3064 2109 3117 que
2138 3047 2188 3101 le
2213 3048 2294 3101 dit
2323 3048 2429 3102 duc
2459 3047 2566 3102 soit
2585 3047 2711 3101 bien
2742 3047 2938 3101 traicte
2967 3053 3023 3101 et
3041 3063 3148 3117 que
3171 3063 3236 3099 en

479 3129 547 3182 25
569 3143 692 3189 tout
721 3152 815 3189 cas
846 3135 881 3188 il
913 3136 1089 3190 vuelle
1128 3153 1351 3206 separer
1387 3154 1484 3190 son
1513 3153 1694 3190 armee
1732 3153 1860 3190 sans
1896 3152 2089 3206 passer
2116 3136 2239 3206 plus
2276 3143 2457 3190 avant.
2541 3136 2716 3202 Wien,
2745 3136 2888 3204 Kop.
2915 3137 2983 3189 B.
3015 3139 3137 3189 682.
3170 3165 3235 3173 —

569 3223 861 3292 Navayero
903 3224 1161 3280 berichtet
1198 3243 1288 3280 am
1323 3230 1409 3279 8..·
1453 3225 1728 3279 Heinrich
1767 3224 1888 3278 und
1928 3225 2048 3279 sein
2084 3225 2238 3279 Sohn
2265 3225 2310 3279 si
2349 3226 2624 3280 riti-ovano
2666 3225 2939 3296 priggioni
2977 3225 3032 3278 di
3061 3224 3237 3278 lanth-

566 3314 788 3384 gravio;
818 3314 903 3367 del
943 3314 1073 3386 qual
1111 3314 1252 3368 fatto
1292 3331 1349 3368 se
1389 3312 1474 3368 n’e
1515 3315 1728 3385 parlato
1764 3315 2191 3380 diversamente,
2230 3312 2431 3385 perche
2470 3315 2653 3369 alcuni
2683 3315 2879 3369 dicono
2917 3314 3057 3368 che’l
3095 3314 3239 3368 duca

568 3403 844 3456 assediato
883 3403 1021 3456 s'era
1059 3419 1209 3470 reso,
1246 3404 1376 3458 altri
1414 3404 1516 3458 che
1555 3403 1944 3458 combattendo
1995 3420 2089 3457 era
2138 3410 2284 3458 stato
2314 3411 2472 3458 rotto.
2549 3404 2775 3458 intendo
2802 3401 2935 3474 pero
2972 3405 3025 3457 io
3053 3403 3239 3458 chela

569 3508 699 3546 cosa
736 3489 766 3545 ὲ
805 3508 1063 3546 successa
1098 3509 1132 3544 a
1169 3498 1364 3562 questo
1402 3493 1562 3546 modo
1613 3493 1752 3547 che'l
1789 3494 1962 3560 duca,
2009 3493 2252 3546 vedendo
2290 3493 2340 3546 le
2378 3492 2526 3547 forze
2561 3493 2617 3546 di
2657 3492 3004 3563 lanthgravio
3041 3492 3237 3563 grandi

478 3577 548 3628 30
570 3589 627 3635 et
662 3580 964 3635 dubitando
1002 3583 1104 3635 che
1142 3582 1271 3649 ogni
1308 3578 1363 3635 di
1402 3599 1507 3635 non
1548 3583 1591 3635 si
1631 3582 1906 3637 facessere
1943 3583 2240 3652 maggiori‚
2292 3582 2635 3636 conoscendo
2683 3582 2851 3636 haver
2899 3599 3021 3636 esso
3073 3583 3236 3652 pochi

568 3669 744 3723 dinari
782 3677 839 3723 ct
876 3670 1144 3740 sperando
1181 3688 1322 3740 poco
1359 3671 1505 3740 negli
1543 3671 1755 3741 aggiuti
1796 3671 1852 3724 di
1888 3670 2044 3737 altri,
2092 3673 2165 3724 ha
2200 3677 2432 3725 trattato
2471 3688 2571 3724 con
2612 3671 2958 3740 lantbgravio
2995 3670 3049 3723 di
3089 3670 3241 3723 venir

570 3760 623 3812 in
679 3756 899 3830 potesta
937 3777 1068 3828 sua,
1117 3765 1172 3813 et
1221 3760 1709 3814 volontariamente
1763 3761 1835 3814 ha
1882 3760 2193 3814 consentito
2230 3760 2332 3815 che
2371 3760 2424 3813 la
2471 3777 2570 3813 sua
2617 3765 2812 3828 gente,
2863 3759 3080 3829 laquale
3130 3776 3238 3812 non

568 3849 745 3902 havea
782 3849 940 3902 modo
977 3848 1031 3902 di
1082 3855 1421 3912 mantenere,
1472 3848 1681 3902 habbia
1726 3849 1903 3919 patito
1942 3849 2179 3920 qualche
2216 3850 2427 3917 danno‚
2477 3848 2758 3919 pensando
2808 3849 2910 3903 che
2960 3849 3239 3903 facendosi

570 3938 887 3992 Lutherano
936 3938 1283 4007 lanthgravio
1322 3946 1377 3992 et
1426 3939 1505 4009 gli
1552 3939 1676 3992 altri
1728 3939 1804 4008 gli
1859 3938 2250 3992 restituiranno
2297 3956 2463 3993 senon
2515 3946 2662 3993 tutto
2711 3938 2748 3991 il
2800 3945 2975 4004 stat0,
3026 3939 3239 3993 almeno

479 4023 550 4076 35
572 4027 753 4081 buona
789 4033 961 4099 parte.
1037 4025 1109 4081 So
1144 4028 1309 4094 habe,
1358 4033 1489 4081 setzt
1528 4028 1825 4096 Navayero
1861 4028 2002 4082 noch
2038 4028 2233 4096 hinzu,
2287 4028 2394 4082 den
2430 4028 2637 4081 Kaiser
2687 4028 2785 4081 der
2820 4028 3082 4082 ber-ichtet
3132 4027 3240 4081 den

569 4134 627 4171 er
663 4135 697 4170 a
735 4123 895 4187 posta
929 4117 1168 4185 yesandt
1209 4117 1346 4171 habe
1395 4133 1491 4188 per
1542 4118 1791 4171 intender
1836 4134 1992 4172 come
2043 4134 2137 4171 era
2187 4134 2442 4172 successo
2480 4124 2676 4188 questo
2724 4116 2893 4186 fatto,
2940 4117 3025 4170 del
3077 4117 3240 4186 quale

568 4225 674 4259 non
715 4223 783 4259 nc
820 4207 996 4258 havea
1033 4207 1238 4259 havuto
1276 4206 1388 4261 Sua
1427 4203 1641 4259 Maesta
1691 4207 1878 4260 avviso
1928 4208 2128 4261 alcuno
2176 4207 2520 4276 particolare.
2606 4207 2727 4261 Wic
2775 4208 2905 4261 aber
2957 4207 3104 4260 anch
3150 4206 3240 4260 die

568 4296 742 4351 Sache
778 4297 967 4349 stehcn
1002 4300 1167 4363 mo‘ye,
1207 4292 1238 4348 ὸ,
1275 4296 1521 4365 riputata
1557 4296 1651 4366 qui
1690 4296 1745 4349 di
1786 4296 1955 4350 molta
1992 4295 2347 4366 importantia
2383 4304 2439 4349 et
2475 4295 2584 4349 tale
2634 4296 2736 4350 che
2783 4296 2970 4366 potria·
3006 4296 3240 4350 alterare

570 4384 722 4439 molti
762 4384 997 4455 pensieri
1045 4390 1102 4437 et
1151 4384 1305 4437 molti
1354 4384 1565 4455 disegni
1616 4385 1672 4437 di
1712 4384 1926 4439 Cesare.
2001 4385 2222 4439 Durum
2259 4386 2395 4439 habe
2431 4387 2578 4440 auch
2616 4385 2713 4438 der
2757 4384 3097 4450 framosiche
3136 4386 3239 4439 Ge-

479 4469 549 4521 40
568 4474 763 4529 sandte
799 4473 917 4527 sich
950 4473 1074 4526 sehr
1122 4472 1334 4536 orsi-eut
1367 4474 1589 4543 yeeeiyt,
1638 4491 1791 4528 come
1840 4474 1895 4527 di
1947 4491 2087 4529 nova
2124 4474 2342 4544 laquale
2394 4491 2556 4545 possa
2607 4475 2828 4528 indurre
2873 4474 3240 4544 l’imperatore

569 4560 665 4632 pisi
703 4562 1018 4617 facilmente
1070 4562 1139 4615 ad
1193 4564 1493 4617 accostarsi
1541 4564 1625 4617 col
1664 4579 1722 4617 re
1760 4581 1877 4617 suo.
1919 4594 1983 4602 —
2034 4563 2289 4620 Weiteres
2339 4564 2593 4618 berichtet
2642 4564 2880 4619 Concino
2927 4581 3017 4617 am
3055 4567 3102 4616 9.
3141 4563 3241 4617 mit

566 4652 864 4720 Berufuny
902 4649 1022 4716 ems
1047 4650 1135 4704 die
1162 4651 1543 4719 Peipstlichen,
1581 4653 1771 4706 welche
1808 4653 1930 4707 sehr
1967 4653 2196 4706 bestiirzt
2232 4653 2393 4719 scien,
2439 4654 2774 4708 namentlieh
2809 4653 2933 4707 weil
2967 4653 3239 4707 Heinrich

565 4742 629 4794 in
666 4742 771 4795 alle
809 4741 1174 4795 Geheimnisse
1212 4740 1309 4794 der
1336 4741 1673 4795 Katholiken
1712 4749 1767 4796 et
1804 4742 1945 4796 delle
1974 4741 2262 4796 debolezze
2297 4741 2414 4797 loro
2443 4742 2758 4812 einyeweiht
2794 4744 2902 4797 sei.-
2939 4760 2984 4796 v.
3016 4741 3244 4807 Dmffel

566 4829 668 4886 IV
695 4829 749 4884 S.
789 4834 854 4884 61
874 4830 935 4895 ff.
1020 4830 1199 4883 Dawn
1248 4831 1448 4884 wieder
1485 4831 1787 4900 Navaqero
1824 4848 1913 4885 am
1949 4835 2058 4886 11..·
2107 4830 2378 4889 l’accordo
2414 4838 2501 4889 tra
2538 4831 2885 4902 lanthgravio
2931 4838 2987 4886 et
3023 4831 3061 4886 il
3098 4831 3244 4891 duca

2695 4920 2813 4979 26*

3300 639 3440 689 1545

3269 705 3402 761 Nov.
3436 710 3472 761 6

3269 1179 3407 1234 Nou.
3438 1184 3472 1233 4
