3859 5575
451 630 588 681 1545

420 698 551 753 Mai
567 702 605 753 8

645 426 749 488 146
1648 432 1747 485 No.
1785 432 1882 485 24:
1924 397 2064 486 1545
2100 432 2208 487 Mai
2244 434 2294 485 6.

820 627 898 692 16
936 625 1331 714 Westphalia
1375 635 1548 692 certo
1595 629 1647 692 si
1679 634 1863 694 trova
1893 628 2320 693 adunamento
2354 628 2420 692 di
2450 630 2643 714 genti,
2689 630 2916 696 dicono
2949 631 3010 696 al
3039 653 3302 696 numero

643 733 711 797 di
758 743 952 816 4000,
1000 734 1156 799 fatto
1203 741 1654 799 secretamente
1700 757 1812 821 per
1856 735 2075 800 ordine
2121 734 2223 800 del
2269 735 2436 800 duca
2480 736 2546 800 di
2595 735 2968 817 Brunsvich,
3016 737 3132 802 che
3179 738 3303 803 mal

643 839 974 906 volentieri
1036 842 1135 906 sta
1193 840 1337 905 fuor
1404 840 1469 905 di
1539 863 1687 906 casa
1755 864 1903 925 sua3
1977 841 2084 906 alli
2150 842 2320 929 quali
2381 841 2479 907 col
2535 842 2754 910 favore
2813 843 2916 910 del
2975 844 3302 929 langravio

644 955 706 1013 et
751 946 893 1013 dell'
941 948 1347 1014 arcivescovo
1393 948 1459 1012 di
1490 947 1753 1014 Colonia
1798 951 1833 1015 e
1864 955 2027 1014 stato
2057 949 2214 1015 fatto
2246 949 2458 1015 danno
2491 950 2556 1014 di
2590 959 2718 1018 200
2749 950 3002 1016 homini.
3081 951 3302 1016 nondi-

640 1077 827 1120 meno
873 1054 937 1119 la
980 1078 1193 1121 massa
1238 1054 1383 1120 delli
1430 1055 1585 1121 detti
1632 1066 1805 1124 4000
1854 1057 1904 1121 61
1952 1057 1988 1121 e
2033 1057 2280 1122 ritirata
2324 1080 2363 1121 a
2409 1081 2496 1122 un
2542 1058 2733 1140 forte,
2793 1058 2957 1122 dove
3005 1079 3132 1122 non
3177 1057 3303 1144 pub
3358 1073 3392 1125 5

640 1163 900 1250 partire,
947 1171 1011 1228 et
1054 1162 1099 1227 il
1144 1163 1359 1249 signor
1404 1163 1569 1228 duca
1615 1164 1665 1228 si
1711 1162 1987 1229 lamenta
2018 1163 2211 1230 molto
2243 1164 2345 1229 del
2374 1165 2782 1230 arcivescovo
2813 1172 2874 1230 et
2905 1164 3163 1229 intendo
3194 1187 3301 1227 an-

644 1266 839 1334 chora
884 1269 950 1333 di
995 1271 1396 1356 monsignore
1441 1270 1568 1335 R¹¹¹⁰
1598 1270 2010 1357 Maguntin03
2070 1272 2449 1337 nondimeno
2495 1294 2622 1337 non
2675 1271 2756 1335 ho
2809 1278 3028 1359 potuto
3084 1293 3303 1357 sapere

645 1398 826 1441 come
885 1378 984 1442 sta
1038 1377 1298 1442 insieme
1357 1385 1575 1465 questo
1634 1378 1895 1465 viluppo
1955 1377 2056 1443 del
2115 1377 2436 1444 cardinale
2494 1386 2558 1445 et
2614 1378 2717 1444 del
2784 1379 3188 1443 arcivescovo
3219 1381 3300 1465 ¹):

642 1480 827 1548 basta
872 1483 989 1548 che
1034 1483 1092 1549 le
1139 1507 1283 1550 cose
1328 1493 1510 1550 stano
1555 1486 1621 1550 in
1668 1486 1919 1550 termini
1967 1485 2084 1551 che
2129 1487 2277 1572 ogni
2321 1485 2493 1551 buon
2540 1487 2841 1551 servitore
2871 1486 2937 1550 di
2967 1486 3049 1554 V.
3082 1484 3143 1550 S.
3176 1485 3304 1549 ΒΜ

641 1599 705 1656 et
748 1589 898 1655 111³·-
942 1592 993 1655 si
1053 1590 1324 1679 rallegra
1384 1592 1549 1658 della
1608 1595 1843 1659 sicurta
1900 1591 2003 1658 del
2061 1594 2316 1680 viaggio
2334 1644 2353 1676 ‚
2411 1593 2528 1659 che
2585 1593 2649 1658 la
2694 1594 2941 1659 Maesta
2985 1593 3185 1679 Regia
3243 1602 3306 1659 et
3329 1608 3394 1661 10

639 1699 1006 1785 monsignor
1049 1699 1176 1765 R¹¹²⁰
1236 1698 1594 1787 d’Augusta
1636 1700 1724 1788 gli
1769 1700 1982 1766 hanno
2029 1709 2383 1788 procurato·
2477 1702 2678 1788 questi
2726 1701 2965 1788 signori
3019 1701 3166 1766 tutti
3212 1699 3304 1764 di·

638 1814 964 1872 mostrano
1010 1805 1354 1894 aspettarla
1398 1830 1517 1873 con
1562 1807 1984 1895 grandissimo
2030 1807 2357 1874 desiderio.

640 2059 743 2114 6116
781 2059 915 2114 tutti
951 2076 1061 2114 non
1108 2059 1262 2113 siano
1300 2059 1547 2130 colligati
1584 2066 1777 2114 contra
1810 2060 1867 2114 di
1906 2060 2021 2113 loro
2037 2100 2052 2128 ‚
2096 2067 2154 2113 et
2198 2065 2352 2114 tanto
2397 2057 2494 2130 piu
2532 2059 2779 2114 havendo
2826 2059 2933 2113 essi
2983 2075 3082 2128 per
3130 2057 3303 2112 fermo

639 2148 743 2203 6116
791 2148 845 2202 la
893 2154 1093 2219 tregua
1138 2148 1222 2203 sia
1269 2148 1413 2203 fatta
1466 2148 1553 2203 661
1602 2148 1788 2203 Turco
1836 2178 1855 2188 ·
1876 2178 1895 2188 -
1914 2178 1937 2190 ·
1985 2165 2206 2219 ognuno
2260 2149 2541 2204 riconosce
2595 2156 2652 2203 et
2706 2148 2881 2203 scrive
2938 2148 3143 2202 homini
3197 2147 3302 2201 atti

636 2237 896 2302 all’arme‚
933 2244 991 2293 et
1025 2237 1113 2292 fra
1147 2239 1228 2310 gli
1262 2238 1390 2292 altri
1427 2238 1466 2292 il
1502 2238 1648 2293 duca
1682 2237 1738 2292 di
1768 2237 2156 2310 Vertimbergh
2195 2238 2253 2293 fa
2287 2244 2483 2310 gente3
2520 2255 2642 2293 esso
2668 2238 2743 2293 ha
2770 2239 2942 2293 hauto
2969 2237 3303 2308 sospettione
3326 2242 3394 2296 15

637 2327 695 2381 di
732 2327 856 2399 que'
886 2327 1189 2400 Spagnuoli
1226 2328 1329 2384 6116
1364 2344 1686 2399 passavano,
1723 2336 1780 2382 61
1815 2328 2084 2383 dell’altre
2135 2344 2260 2383 cose
2299 2326 2394 2399 gia
2439 2328 2620 2397 (16116,
2670 2328 2870 2382 sicome
2918 2326 3201 2397 langravio
3246 2332 3304 2380 et

639 2417 823 2488 quello
868 2417 923 2471 di
963 2416 1255 2472 Monaster.
1307 2446 1327 2455 -
1348 2447 1367 2457 -
1388 2447 1407 2457 -
1446 2426 1503 2472 et
1540 2418 1613 2471 ha
1660 2416 1801 2472 fatto
1851 2424 1998 2473 stare
2045 2435 2184 2472 anco
2232 2416 2330 2488 piu
2380 2419 2587 2489 sospesi
2634 2417 2816 2488 questi
2866 2416 3202 2471 Protestanti
3249 2415 3304 2469 la

637 2505 787 2561 fama
822 2507 1005 2562 ch’era
1049 2523 1260 2577 sparsa,
1297 2507 1400 2562 6116
1446 2507 1498 2562 16
1555 2506 1845 2562 differenze
1883 2514 1971 2562 tra
2006 2506 2341 2578 Inghilterra
2389 2513 2446 2562 et
2482 2505 2720 2562 Francia
2768 2523 2932 2561 erano
2981 2506 3302 2561 totalmente

638 2596 864 2651 timesse
898 2596 955 2650 in
991 2603 1147 2667 petto
1183 2597 1271 2651 del
1307 2597 1652 2668 imperatore,
1688 2597 1744 2651 la
1780 2596 1911 2667 qual
1939 2597 2154 2667 pratica
2179 2612 2313 2666 pare
2341 2597 2443 2651 che
2480 2596 2624 2650 vada
2659 2595 2715 2649 in
2751 2595 2920 2650 fumo.
2976 2612 3068 2649 tna
3102 2594 3301 2651 Catho-

638 2685 730 2740 lici
770 2703 878 2740 non
917 2685 1098 2741 hanno
1136 2686 1312 2741 minor
1347 2703 1523 2757 paura
1558 2687 1627 2740 de
1678 2685 2018 2741 Protestanti
2067 2686 2120 2740 al
2169 2692 2422 2756 presente
2473 2684 2528 2738 di
2579 2684 2762 2756 quello
2809 2684 2911 2739 6116
2962 2682 3299 2738 Protestanti
3321 2688 3393 2741 20

637 2781 915 2831 mostrano
965 2775 1022 2831 di
1071 2775 1270 2832 havere
1319 2776 1376 2831 di
1414 2775 1526 2832 Sua
1578 2773 1819 2843 Maesta,
1864 2775 2083 2848 16116616
2132 2773 2319 2847 percio
2367 2773 2444 2829 fin
2483 2775 2619 2829 hora
2669 2791 2773 2829 non
2825 2774 2900 2828 ha
2949 2772 3090 2829 fatto
3138 2773 3302 2827 alcun

638 2882 807 2936 segno
844 2864 901 2919 di
937 2882 1153 2936 guerra.
1228 2883 1360 2921 sono
1397 2866 1530 2921 stati
1568 2867 1663 2937 qui
1702 2883 1810 2920 non
1848 2883 1908 2921 66
1956 2866 2059 2920 6116
2105 2866 2282 2936 giomi
2320 2865 2504 2920 alcuni
2541 2864 2858 2934 eolonuelli,
2895 2881 2986 2917 ma
3021 2861 3117 2934 gia
3171 2880 3303 2917 sono

638 2954 849 3026 partiti,
886 2961 944 3009 et
970 2971 1070 3026 per
1105 2964 1313 3027 quanto
1350 2956 1573 3011 intendo
1610 2956 1682 3010 da
1717 2956 1862 3010 assai
1900 2954 2048 3010 buon
2087 2955 2224 3023 loco,
2261 2954 2443 3008 hanno
2480 2954 2633 3009 detto
2669 2954 2722 3007 al
2750 2970 2809 3008 re
2840 2954 2943 3008 che
2972 2969 3030 3007 se
3056 2952 3164 3007 ben
3191 2952 3304 3008 Sua

639 3040 855 3099 Maesta
891 3045 1100 3099 volesse
1135 3045 1328 3100 d’hora
1363 3046 1583 3100 innanzi
1619 3046 1706 3101 far
1742 3052 1907 3115 gente
1945 3062 2045 3115 per
2083 3043 2383 3114 Ungheria‚
2422 3044 2617 3098 ch'essi
2666 3061 2773 3098 11611
2810 3044 2864 3096 vi
2915 3043 3302 3097 conosceriano

637 3140 836 3205 troppo
872 3134 1061 3188 ordine
1097 3134 1153 3189 di
1190 3135 1316 3190 farli
1354 3153 1389 3190 a
1425 3143 1627 3206 tempo,
1663 3132 1817 3189 siche
1855 3134 1901 3188 si
1940 3135 2086 3189 tiene
2123 3134 2308 3204 quella
2343 3134 2581 3204 impresa
2616 3149 2716 3203 per
2750 3132 3002 3203 ispedita.
3320 3136 3391 3188 25

785 3221 825 3292 ¹)
875 3223 987 3293 Vyl.
1042 3225 1348 3293 Capilupos
1396 3224 1625 3279 Bericht
1675 3241 1793 3278 vom
1843 3228 1922 3282 30.
1956 3225 2152 3292 April.-
2200 3241 2235 3277 a
2283 3220 2338 3277 di
2389 3223 2598 3294 passati
2650 3223 2695 3276 si
2735 3238 2901 3277 erano
2939 3223 3194 3292 ragunati
3232 3222 3304 3276 da

638 3313 781 3368 4000
816 3312 956 3367 fanti
992 3314 1048 3367 in
1087 3332 1161 3367 un
1200 3315 1321 3369 loco
1357 3314 1509 3368 detto
1540 3312 1831 3368 Padeborn
1867 3313 1955 3368 fra
1984 3313 2251 3368 Monastir
2277 3318 2335 3367 et
2363 3311 2528 3366 Assia
2555 3310 2623 3364 de
2651 3311 2947 3381 langravio.
3006 3311 3044 3364 il
3072 3327 3302 3365 vescovo

638 3403 694 3457 di
733 3402 1004 3458 Monastir
1040 3401 1264 3472 [Franz
1299 3421 1404 3458 von
1449 3401 1759 3473 Waldeck]‚
1809 3403 1848 3456 il
1886 3403 2050 3474 quale
2087 3399 2117 3456 ὲ
2154 3402 2471 3470 1611161666,
2521 3407 2577 3455 61
2615 3400 2897 3471 langravio
2935 3401 3232 3455 mandor-no
3269 3418 3304 3454 a

639 3492 926 3548 dimandar
963 3493 1078 3548 loro
1115 3492 1201 3548 cio
1240 3493 1342 3548 che
1379 3493 1657 3548 facevano.
1732 3493 1816 3546 lor
1863 3493 2136 3563 risposero
2176 3534 2187 3545 .
2229 3534 2239 3545 .
2282 3533 2293 3546 .
2346 3492 2448 3546 6116
2495 3507 2594 3561 per
2639 3490 2850 3544 allhora
2886 3507 2990 3543 11611
3031 3497 3301 3560 potevano

638 3583 754 3637 dire
791 3582 881 3638 chi
918 3581 1069 3637 fusse
1107 3583 1188 3637 lor
1225 3600 1364 3652 capo
1400 3580 1471 3637 ne
1508 3583 1611 3637 che
1648 3581 1948 3644 facessero;
1987 3598 2077 3635 ma
2113 3582 2215 3636 che
2253 3581 2339 3635 fra
2375 3580 2539 3651 pochi
2575 3580 2753 3652 giorni
2792 3580 2838 3634 si
2876 3580 3073 3650 sapria.
3130 3581 3170 3634 il
3199 3581 3301 3634 che
3319 3581 3391 3633 30

637 3672 813 3727 1111666
862 3672 902 3725 11
950 3671 1103 3726 (16116
1153 3687 1383 3726 vescovo
1430 3679 1487 3725 et
1523 3671 1706 3743 quello
1751 3671 1807 3724 di
1855 3669 2211 3725 Paderborno
2259 3669 2345 3740 [d.
2392 3671 2431 3725 i.
2483 3668 2819 3734 Erebischof
2855 3669 3148 3723 Hermann
3197 3687 3301 3724 von

636 3759 819 3831 Ko'ln]
855 3778 957 3816 con
997 3760 1279 3831 langravio
1317 3761 1513 3814 misero
1550 3766 1715 3831 gente
1751 3760 1978 3814 insieme
2016 3767 2072 3814 et
2109 3760 2147 3814 li
2184 3760 2368 3814 banno
2397 3759 2614 3830 tagliati
2651 3759 2785 3814 tutti
2824 3776 2857 3812 a
2893 3759 3061 3830 pezzi.
3136 3759 3300 3813 Diese

638 3851 853 3904 letztere
889 3849 1217 3918 Mitteiluny
1254 3849 1608 3917 modifizierte
1647 3846 1920 3919 Capilupo
1970 3850 2034 3904 in
2081 3850 2188 3904 den
2233 3848 2529 3919 solyenden
2564 3848 2884 3916 Depeschen
2927 3848 3130 3916 dahin,
3180 3843 3300 3915 dost

635 3954 750 3992 nur
785 3938 964 4007 eim‘ye
998 3938 1239 3993 hundert
1276 3939 1462 3992 Manu
1495 3937 1739 4007 yefallen
1775 3939 1921 3993 scien
1929 3957 1951 4006 ,·
1987 3957 2078 3993 am
2114 3942 2151 3992 8
2185 3939 2315 3992 Mai
2349 3938 2584 3993 schreibt
2621 3955 2703 4006 er,
2751 3939 2829 3992 sie
2866 3938 3149 4006 beqc’imten
3184 3937 3301 3991 sich

637 4028 837 4083 wieder
871 4045 941 4081 zu
976 4029 1237 4083 sammeln
1273 4026 1397 4082 und
1433 4029 1625 4082 hatten
1659 4028 1776 4083 sich
1810 4028 1915 4082 mit
1952 4029 2082 4083 ewei
2118 4028 2287 4082 ilmen
2322 4027 2684 4082 zuziehenden
2733 4028 2983 4082 {atah-ten
3019 4024 3389 4080 Fc'ihnlein35

633 4117 1161 4187 zusammenyethan.
1246 4117 1358 4186 Vyl.
1399 4118 1545 4172 auch
1581 4118 1672 4171 die
1700 4118 1918 4184 Avvisi‚
1967 4118 2161 4173 welche
2188 4118 2304 4173 sich
2339 4118 2402 4170 in
2449 4117 2557 4171 den
2583 4116 3031 4182 Handschrinen
3075 4134 3153 4170 an
3198 4115 3300 4169 das

634 4224 704 4262 zu
739 4224 825 4260 nr.
863 4210 942 4261 22
979 4207 1258 4261 erwcihnte
1292 4205 1666 4261 Summas-ium
1705 4207 1802 4262 der
1838 4208 2097 4277 Einyabe
2134 4207 2234 4262 der
2268 4207 2653 4262 Protestanten
2678 4203 2986 4275 schliessen:
3023 4205 3300 4263 Collectus

634 4297 727 4350 ille
764 4297 1037 4352 exercitus
1073 4297 1130 4350 in
1179 4295 1476 4352 Westfalia
1513 4314 1672 4352 cesus
1721 4304 1808 4352 cst
1856 4315 1923 4352 ac
1971 4298 2183 4352 deletus
2233 4298 2269 4351 4
2315 4296 2453 4351 feria
2497 4303 2625 4367 post
2660 4297 3060 4352 misericordias
3095 4296 3298 4351 domini

636 4385 742 4456 [22
777 4385 990 4456 April]
1066 4384 1399 4457 westphali,
1436 4388 1532 4457 qui
1570 4394 1701 4442 sunt
1737 4386 1841 4441 sub
1878 4387 2086 4442 ditione
2121 4385 2459 4442 coloniensis
2510 4386 2940 4457 archiepiscopi,
2987 4385 3300 4440 habuerunt

635 4475 706 4530 ad
745 4476 935 4532 15000
972 4475 1221 4546 equitum
1260 4483 1317 4530 et
1352 4476 1616 4547 peditum.
1667 4478 1853 4531 hostes
1881 4476 2049 4548 fugae
2078 4493 2135 4531 66
2163 4476 2448 4544 dederunt,
2478 4476 2588 4530 cesi
2617 4483 2811 4547 postea
2838 4475 2910 4530 ab
2938 4475 3077 4530 aliis.
3134 4476 3301 4529 Daca
3319 4474 3391 4528 40

634 4566 726 4621 die
760 4565 902 4620 wohl
936 4581 1043 4620 von
1079 4565 1200 4620 dem
1237 4566 1493 4620 Nuntius
1540 4567 1700 4622 selbst
1735 4566 2103 4622 hen-ithrende
2148 4566 2494 4621 erlduternde
2530 4565 2910 4634 Bemerkuny:
2957 4582 3059 4636 par
3106 4565 3209 4620 che
3245 4565 3299 4618 al

635 4656 822 4727 signer
848 4655 992 4710 duca
1022 4654 1080 4708 di
1108 4654 1415 4712 Bronsvich
1443 4672 1550 4710 non
1588 4657 1766 4727 piacci
1805 4663 1952 4711 stare
1989 4655 2115 4711 fuor
2150 4656 2206 4710 di
2244 4673 2390 4723 casa,
2427 4663 2485 4710 et
2521 4651 2636 4710 cosi
2673 4655 2760 4710 col
2796 4654 2953 4710 favor
2989 4655 3056 4709 de
3084 4656 3297 4726 parenti

633 4746 845 4799 haveva
879 4743 1021 4799 fatto
1058 4752 1210 4800 certo
1247 4761 1471 4800 numero
1508 4745 1563 4799 di
1601 4745 1755 4817 genti
1790 4764 1847 4799 u.
1884 4763 1923 4801 6.
1965 4763 2029 4800 w.
2102 4746 2185 4800 Es
2231 4745 2441 4800 seheint
2485 4745 2603 4802 sich
2650 4745 2871 4800 danach
2917 4745 2981 4799 in
3018 4745 3116 4800 der
3157 4746 3300 4799 Thac

638 4852 733 4890 um
770 4834 861 4887 ein
904 4834 1150 4904 Vorspiel
1180 4851 1253 4889 zu
1290 4835 1387 4889 der
1423 4836 1501 4889 im
1540 4836 1740 4891 Herbst
1788 4835 2144 4906 erfolyenden
2203 4836 2645 4904 Umernehmuny
2681 4835 2983 4891 Heinrich-⁴3
3029 4836 3121 4890 des
3157 4835 3298 4889 (Τέλη-
