<?xml version="1.0" encoding="UTF-8"?>
<!DOCTYPE html PUBLIC "-//W3C//DTD XHTML 1.0 Transitional//EN"
    "http://www.w3.org/TR/xhtml1/DTD/xhtml1-transitional.dtd">
<html xmlns="http://www.w3.org/1999/xhtml" xml:lang="en" lang="en">
 <head>
  <title>
</title>
<meta http-equiv="Content-Type" content="text/html;charset=utf-8" />
  <meta name='ocr-system' content='tesseract 3.04.00' />
  <meta name='ocr-capabilities' content='ocr_page ocr_carea ocr_par ocr_line ocrx_word'/>
</head>
<body>
  <div class='ocr_page' id='page_1' title='image "./nuntiaturberich01deugoog_0661.png"; bbox 0 0 3859 5575; ppageno 0'>
   <div class='ocr_carea' id='block_1_1' title="bbox 460 611 648 749">
    <p class='ocr_par' dir='ltr' id='par_1_1' title="bbox 460 611 648 749">
     <span class='ocr_line' id='line_1_1' title="bbox 480 611 619 662; baseline 0.007 -1"><span class='ocrx_word' id='word_1_1' title='bbox 480 611 619 662; x_wconf 78' lang='lat'><strong><em>1545</em></strong></span> 
     </span>
     <span class='ocr_line' id='line_1_2' title="bbox 460 680 648 749; baseline -0.005 -14"><span class='ocrx_word' id='word_1_2' title='bbox 460 680 581 749; x_wconf 78' lang='lat' dir='ltr'>Spt.</span> <span class='ocrx_word' id='word_1_3' title='bbox 612 684 648 734; x_wconf 89' lang='lat'><em>9</em></span> 
     </span>
    </p>
   </div>
   <div class='ocr_carea' id='block_1_2' title="bbox 411 4602 635 4670">
    <p class='ocr_par' dir='ltr' id='par_1_2' title="bbox 411 4602 635 4670">
     <span class='ocr_line' id='line_1_3' title="bbox 411 4602 635 4670; baseline 0.004 -14"><span class='ocrx_word' id='word_1_4' title='bbox 411 4602 534 4670; x_wconf 81' lang='lat' dir='ltr'>Spt.</span> <span class='ocrx_word' id='word_1_5' title='bbox 564 4606 635 4657; x_wconf 86' lang='lat'>17</span> 
     </span>
    </p>
   </div>
   <div class='ocr_carea' id='block_1_3' title="bbox 681 402 2451 485">
    <p class='ocr_par' dir='ltr' id='par_1_3' title="bbox 681 402 2451 485">
     <span class='ocr_line' id='line_1_4' title="bbox 681 402 2451 485; baseline 0.001 -18"><span class='ocrx_word' id='word_1_6' title='bbox 681 402 789 468; x_wconf 76' lang='grc'>646</span> <span class='ocrx_word' id='word_1_7' title='bbox 1578 406 1677 468; x_wconf 82' lang='lat' dir='ltr'>No,</span> <span class='ocrx_word' id='word_1_8' title='bbox 1715 412 1844 468; x_wconf 79' lang='lat'>21*:</span> <span class='ocrx_word' id='word_1_9' title='bbox 1885 412 2026 469; x_wconf 81' lang='lat'>1545</span> <span class='ocrx_word' id='word_1_10' title='bbox 2064 410 2366 485; x_wconf 75' lang='lat' dir='ltr'>September</span> <span class='ocrx_word' id='word_1_11' title='bbox 2401 410 2451 469; x_wconf 88' lang='grc'>9.</span> 
     </span>
    </p>
   </div>
   <div class='ocr_carea' id='block_1_4' title="bbox 667 605 3454 4445">
    <p class='ocr_par' dir='ltr' id='par_1_4' title="bbox 680 605 3454 1232">
     <span class='ocr_line' id='line_1_5' title="bbox 682 605 3359 695; baseline 0.003 -26"><span class='ocrx_word' id='word_1_12' title='bbox 682 605 839 670; x_wconf 88' lang='lat' dir='ltr'><strong>nihil</strong></span> <span class='ocrx_word' id='word_1_13' title='bbox 885 605 1118 671; x_wconf 90' lang='lat' dir='ltr'>habere</span> <span class='ocrx_word' id='word_1_14' title='bbox 1165 609 1525 673; x_wconf 85' lang='lat' dir='ltr'>commercii</span> <span class='ocrx_word' id='word_1_15' title='bbox 1584 609 1665 674; x_wconf 90' lang='lat' dir='ltr'>de</span> <span class='ocrx_word' id='word_1_16' title='bbox 1720 611 2208 695; x_wconf 83' lang='lat' dir='ltr'>congregatione</span> <span class='ocrx_word' id='word_1_17' title='bbox 2271 609 2538 674; x_wconf 86' lang='lat' dir='ltr'>militum</span> <span class='ocrx_word' id='word_1_18' title='bbox 2595 612 2855 676; x_wconf 88' lang='lat' dir='ltr'>istorum</span> <span class='ocrx_word' id='word_1_19' title='bbox 2916 620 2980 677; x_wconf 91' lang='lat' dir='ltr'>et</span> <span class='ocrx_word' id='word_1_20' title='bbox 3025 613 3238 678; x_wconf 85' lang='lat' dir='ltr'>omnia</span> <span class='ocrx_word' id='word_1_21' title='bbox 3286 635 3359 677; x_wconf 88' lang='lat' dir='ltr'>se</span> 
     </span>
     <span class='ocr_line' id='line_1_6' title="bbox 684 713 3351 807; baseline 0.003 -30"><span class='ocrx_word' id='word_1_22' title='bbox 684 735 914 799; x_wconf 88' lang='lat' dir='ltr'>cupere</span> <span class='ocrx_word' id='word_1_23' title='bbox 960 713 1317 800; x_wconf 85' lang='lat' dir='ltr'>tranquilla,</span> <span class='ocrx_word' id='word_1_24' title='bbox 1365 738 1558 802; x_wconf 90' lang='lat' dir='ltr'>seque</span> <span class='ocrx_word' id='word_1_25' title='bbox 1591 716 1752 780; x_wconf 90' lang='lat' dir='ltr'>male</span> <span class='ocrx_word' id='word_1_26' title='bbox 1785 720 2062 804; x_wconf 81' lang='lat' dir='ltr'>torqueri</span> <span class='ocrx_word' id='word_1_27' title='bbox 2094 727 2157 781; x_wconf 88' lang='lat' dir='ltr'>et</span> <span class='ocrx_word' id='word_1_28' title='bbox 2186 718 2355 781; x_wconf 88' lang='lat' dir='ltr'>affici</span> <span class='ocrx_word' id='word_1_29' title='bbox 2403 717 2637 805; x_wconf 88' lang='lat' dir='ltr'>injuria</span> <span class='ocrx_word' id='word_1_30' title='bbox 2680 717 2926 783; x_wconf 89' lang='lat' dir='ltr'>illorum</span> <span class='ocrx_word' id='word_1_31' title='bbox 2977 722 3082 807; x_wconf 88' lang='lat' dir='ltr'>qui</span> <span class='ocrx_word' id='word_1_32' title='bbox 3121 742 3351 806; x_wconf 85' lang='lat' dir='ltr'>pacem</span> 
     </span>
     <span class='ocr_line' id='line_1_7' title="bbox 680 818 3352 911; baseline 0.002 -27"><span class='ocrx_word' id='word_1_33' title='bbox 680 818 1029 885; x_wconf 83' lang='lat' dir='ltr'>excludant</span> <span class='ocrx_word' id='word_1_34' title='bbox 1074 829 1138 886; x_wconf 93' lang='lat' dir='ltr'>et</span> <span class='ocrx_word' id='word_1_35' title='bbox 1181 821 1262 886; x_wconf 88' lang='lat' dir='ltr'>ad</span> <span class='ocrx_word' id='word_1_36' title='bbox 1310 823 1645 888; x_wconf 79' lang='lat' dir='ltr'>seditiones</span> <span class='ocrx_word' id='word_1_37' title='bbox 1689 826 1815 888; x_wconf 89' lang='lat' dir='ltr'>sint</span> <span class='ocrx_word' id='word_1_38' title='bbox 1857 826 2148 911; x_wconf 85' lang='lat' dir='ltr'>prompti.</span> <span class='ocrx_word' id='word_1_39' title='bbox 2238 823 2601 911; x_wconf 83' lang='lat' dir='ltr'>inculpatur</span> <span class='ocrx_word' id='word_1_40' title='bbox 2647 825 2782 890; x_wconf 87' lang='lat' dir='ltr'>dux</span> <span class='ocrx_word' id='word_1_41' title='bbox 2833 827 3352 909; x_wconf 75' lang='lat' dir='ltr'>BrunswicensiS,</span> 
     </span>
     <span class='ocr_line' id='line_1_8' title="bbox 680 928 3351 1017; baseline 0.003 -25"><span class='ocrx_word' id='word_1_42' title='bbox 680 928 791 1015; x_wconf 89' lang='lat' dir='ltr'>qui</span> <span class='ocrx_word' id='word_1_43' title='bbox 836 930 916 992; x_wconf 90' lang='lat' dir='ltr'>sit</span> <span class='ocrx_word' id='word_1_44' title='bbox 959 928 1303 1015; x_wconf 87' lang='lat' dir='ltr'>inquietus,</span> <span class='ocrx_word' id='word_1_45' title='bbox 1359 930 1461 994; x_wconf 91' lang='lat' dir='ltr'>cui</span> <span class='ocrx_word' id='word_1_46' title='bbox 1508 953 1680 996; x_wconf 91' lang='lat' dir='ltr'>nunc</span> <span class='ocrx_word' id='word_1_47' title='bbox 1723 954 1839 1017; x_wconf 90' lang='lat' dir='ltr'>per</span> <span class='ocrx_word' id='word_1_48' title='bbox 1892 934 2120 996; x_wconf 91' lang='lat' dir='ltr'>serium</span> <span class='ocrx_word' id='word_1_49' title='bbox 2170 932 2537 997; x_wconf 90' lang='lat' dir='ltr'>mandatum</span> <span class='ocrx_word' id='word_1_50' title='bbox 2595 932 2971 999; x_wconf 84' lang='lat' dir='ltr'>Caesareum</span> <span class='ocrx_word' id='word_1_51' title='bbox 3028 937 3351 999; x_wconf 84' lang='lat' dir='ltr'>transmis-</span> 
     </span>
     <span class='ocr_line' id='line_1_9' title="bbox 680 1033 3454 1124; baseline 0.001 -26"><span class='ocrx_word' id='word_1_52' title='bbox 680 1058 821 1099; x_wconf 91' lang='lat' dir='ltr'>sum</span> <span class='ocrx_word' id='word_1_53' title='bbox 857 1033 1123 1120; x_wconf 88' lang='lat' dir='ltr'>jubetur</span> <span class='ocrx_word' id='word_1_54' title='bbox 1168 1043 1240 1100; x_wconf 92' lang='lat' dir='ltr'>ut</span> <span class='ocrx_word' id='word_1_55' title='bbox 1296 1058 1337 1100; x_wconf 88' lang='lat' dir='ltr'>a</span> <span class='ocrx_word' id='word_1_56' title='bbox 1392 1040 1618 1124; x_wconf 86' lang='lat' dir='ltr'>quavis</span> <span class='ocrx_word' id='word_1_57' title='bbox 1676 1039 1959 1123; x_wconf 85' lang='lat' dir='ltr'>practica</span> <span class='ocrx_word' id='word_1_58' title='bbox 2013 1049 2075 1103; x_wconf 91' lang='lat' dir='ltr'>et</span> <span class='ocrx_word' id='word_1_59' title='bbox 2120 1041 2539 1104; x_wconf 86' lang='lat' dir='ltr'>commotione</span> <span class='ocrx_word' id='word_1_60' title='bbox 2587 1040 2733 1105; x_wconf 91' lang='lat' dir='ltr'>belli</span> <span class='ocrx_word' id='word_1_61' title='bbox 2779 1064 2846 1106; x_wconf 89' lang='lat' dir='ltr'>se</span> <span class='ocrx_word' id='word_1_62' title='bbox 2890 1040 3205 1107; x_wconf 84' lang='lat' dir='ltr'>abstineat</span> <span class='ocrx_word' id='word_1_63' title='bbox 3249 1052 3348 1107; x_wconf 89' lang='lat' dir='ltr'>ut·</span> <span class='ocrx_word' id='word_1_64' title='bbox 3413 1052 3454 1102; x_wconf 87' lang='lat'>5</span> 
     </span>
     <span class='ocr_line' id='line_1_10' title="bbox 680 1142 1921 1232; baseline 0.002 -25"><span class='ocrx_word' id='word_1_65' title='bbox 680 1165 802 1230; x_wconf 90' lang='lat' dir='ltr'>que</span> <span class='ocrx_word' id='word_1_66' title='bbox 848 1143 1325 1229; x_wconf 80' lang='lat' dir='ltr'>sequestrationi</span> <span class='ocrx_word' id='word_1_67' title='bbox 1371 1142 1639 1209; x_wconf 85' lang='lat' dir='ltr'>Cesaree</span> <span class='ocrx_word' id='word_1_68' title='bbox 1684 1153 1921 1232; x_wconf 87' lang='lat' dir='ltr'>pareat.</span> 
     </span>
    </p>

    <p class='ocr_par' dir='ltr' id='par_1_5' title="bbox 675 1249 3447 2172">
     <span class='ocr_line' id='line_1_11' title="bbox 857 1249 3346 1340; baseline 0.002 -26"><span class='ocrx_word' id='word_1_69' title='bbox 857 1250 1090 1314; x_wconf 78' lang='lat' dir='ltr'>Milites</span> <span class='ocrx_word' id='word_1_70' title='bbox 1132 1250 1305 1336; x_wconf 85' lang='lat' dir='ltr'>apud</span> <span class='ocrx_word' id='word_1_71' title='bbox 1351 1249 1679 1335; x_wconf 86' lang='lat' dir='ltr'>Rhenum,</span> <span class='ocrx_word' id='word_1_72' title='bbox 1736 1253 1927 1317; x_wconf 84' lang='lat' dir='ltr'>vicini</span> <span class='ocrx_word' id='word_1_73' title='bbox 1987 1251 2344 1318; x_wconf 83' lang='lat' dir='ltr'>Coloniensi</span> <span class='ocrx_word' id='word_1_74' title='bbox 2403 1277 2590 1340; x_wconf 74' lang='lat' dir='ltr'>agm,</span> <span class='ocrx_word' id='word_1_75' title='bbox 2649 1254 2819 1340; x_wconf 90' lang='lat' dir='ltr'>apud</span> <span class='ocrx_word' id='word_1_76' title='bbox 2880 1254 3346 1320; x_wconf 74' lang='lat' dir='ltr'>confluentiam</span> 
     </span>
     <span class='ocr_line' id='line_1_12' title="bbox 677 1357 3350 1447; baseline 0.002 -27"><span class='ocrx_word' id='word_1_77' title='bbox 677 1365 993 1441; x_wconf 87' lang='lat' dir='ltr'>augentur</span> <span class='ocrx_word' id='word_1_78' title='bbox 1036 1357 1309 1421; x_wconf 89' lang='lat' dir='ltr'>necdum</span> <span class='ocrx_word' id='word_1_79' title='bbox 1352 1360 1574 1447; x_wconf 86' lang='lat' dir='ltr'>paucis</span> <span class='ocrx_word' id='word_1_80' title='bbox 1604 1358 1833 1445; x_wconf 87' lang='lat' dir='ltr'>elapsis</span> <span class='ocrx_word' id='word_1_81' title='bbox 1863 1357 2087 1423; x_wconf 90' lang='lat' dir='ltr'>diebus</span> <span class='ocrx_word' id='word_1_82' title='bbox 2118 1358 2456 1424; x_wconf 79' lang='lat' dir='ltr'>abiverant</span> <span class='ocrx_word' id='word_1_83' title='bbox 2501 1363 2566 1424; x_wconf 93' lang='lat' dir='ltr'>in</span> <span class='ocrx_word' id='word_1_84' title='bbox 2612 1362 2946 1426; x_wconf 87' lang='lat' dir='ltr'>remotiora</span> <span class='ocrx_word' id='word_1_85' title='bbox 2992 1361 3148 1445; x_wconf 84' lang='lat' dir='ltr'>loca,</span> <span class='ocrx_word' id='word_1_86' title='bbox 3195 1361 3350 1426; x_wconf 86' lang='lat' dir='ltr'>licet</span> 
     </span>
     <span class='ocr_line' id='line_1_13' title="bbox 677 1466 3346 1554; baseline 0.002 -27"><span class='ocrx_word' id='word_1_87' title='bbox 677 1470 922 1529; x_wconf 87' lang='lat' dir='ltr'>mutent</span> <span class='ocrx_word' id='word_1_88' title='bbox 966 1471 1207 1547; x_wconf 84' lang='lat' dir='ltr'>castra3</span> <span class='ocrx_word' id='word_1_89' title='bbox 1268 1471 1332 1528; x_wconf 89' lang='lat' dir='ltr'>et</span> <span class='ocrx_word' id='word_1_90' title='bbox 1383 1466 1664 1530; x_wconf 80' lang='lat' dir='ltr'>maxime</span> <span class='ocrx_word' id='word_1_91' title='bbox 1722 1472 1869 1530; x_wconf 81' lang='lat' dir='ltr'>sunt</span> <span class='ocrx_word' id='word_1_92' title='bbox 1928 1466 2148 1530; x_wconf 83' lang='lat' dir='ltr'>offensi</span> <span class='ocrx_word' id='word_1_93' title='bbox 2207 1466 2657 1532; x_wconf 89' lang='lat' dir='ltr'>ecclesiasticis.</span> <span class='ocrx_word' id='word_1_94' title='bbox 2752 1470 3076 1554; x_wconf 86' lang='lat' dir='ltr'>presertim</span> <span class='ocrx_word' id='word_1_95' title='bbox 3126 1492 3192 1533; x_wconf 89' lang='lat' dir='ltr'>se</span> <span class='ocrx_word' id='word_1_96' title='bbox 3237 1468 3346 1533; x_wconf 90' lang='lat' dir='ltr'>de-</span> 
     </span>
     <span class='ocr_line' id='line_1_14' title="bbox 677 1570 3446 1661; baseline 0.001 -26"><span class='ocrx_word' id='word_1_97' title='bbox 677 1572 945 1636; x_wconf 85' lang='lat' dir='ltr'>voviunt</span> <span class='ocrx_word' id='word_1_98' title='bbox 988 1570 1072 1635; x_wconf 87' lang='lat' dir='ltr'>ad</span> <span class='ocrx_word' id='word_1_99' title='bbox 1118 1573 1529 1655; x_wconf 88' lang='lat' dir='ltr'>monasteria,</span> <span class='ocrx_word' id='word_1_100' title='bbox 1589 1595 1711 1659; x_wconf 90' lang='lat' dir='ltr'>que</span> <span class='ocrx_word' id='word_1_101' title='bbox 1757 1575 1973 1637; x_wconf 88' lang='lat' dir='ltr'>omnia</span> <span class='ocrx_word' id='word_1_102' title='bbox 2017 1575 2347 1638; x_wconf 89' lang='lat' dir='ltr'>insumunt</span> <span class='ocrx_word' id='word_1_103' title='bbox 2389 1582 2454 1638; x_wconf 91' lang='lat' dir='ltr'>et</span> <span class='ocrx_word' id='word_1_104' title='bbox 2500 1575 2890 1661; x_wconf 89' lang='lat' dir='ltr'>consumptis</span> <span class='ocrx_word' id='word_1_105' title='bbox 2934 1574 3228 1640; x_wconf 89' lang='lat' dir='ltr'>omnibus</span> <span class='ocrx_word' id='word_1_106' title='bbox 3275 1579 3342 1640; x_wconf 90' lang='lat' dir='ltr'>in</span> <span class='ocrx_word' id='word_1_107' title='bbox 3369 1587 3446 1638; x_wconf 82' lang='grc'>10</span> 
     </span>
     <span class='ocr_line' id='line_1_15' title="bbox 676 1676 3348 1768; baseline 0.002 -26"><span class='ocrx_word' id='word_1_108' title='bbox 676 1676 955 1742; x_wconf 87' lang='lat' dir='ltr'>abitione</span> <span class='ocrx_word' id='word_1_109' title='bbox 999 1685 1278 1743; x_wconf 89' lang='lat' dir='ltr'>exurunt</span> <span class='ocrx_word' id='word_1_110' title='bbox 1321 1686 1383 1742; x_wconf 90' lang='lat' dir='ltr'>et</span> <span class='ocrx_word' id='word_1_111' title='bbox 1428 1678 1779 1745; x_wconf 88' lang='lat' dir='ltr'>destruunt.</span> <span class='ocrx_word' id='word_1_112' title='bbox 1865 1681 1976 1745; x_wconf 89' lang='lat' dir='ltr'>sed</span> <span class='ocrx_word' id='word_1_113' title='bbox 2021 1681 2101 1745; x_wconf 92' lang='lat' dir='ltr'>de</span> <span class='ocrx_word' id='word_1_114' title='bbox 2147 1681 2244 1746; x_wconf 91' lang='lat' dir='ltr'>his</span> <span class='ocrx_word' id='word_1_115' title='bbox 2290 1682 2474 1746; x_wconf 90' lang='lat' dir='ltr'>factis</span> <span class='ocrx_word' id='word_1_116' title='bbox 2520 1680 2727 1747; x_wconf 91' lang='lat' dir='ltr'>bonus</span> <span class='ocrx_word' id='word_1_117' title='bbox 2772 1683 3167 1768; x_wconf 85' lang='lat' dir='ltr'>lantgravius</span> <span class='ocrx_word' id='word_1_118' title='bbox 3213 1706 3348 1747; x_wconf 91' lang='lat' dir='ltr'>om-</span> 
     </span>
     <span class='ocr_line' id='line_1_16' title="bbox 677 1786 3346 1877; baseline 0.002 -29"><span class='ocrx_word' id='word_1_119' title='bbox 677 1786 828 1848; x_wconf 91' lang='lat' dir='ltr'>nino</span> <span class='ocrx_word' id='word_1_120' title='bbox 874 1786 1125 1870; x_wconf 85' lang='lat' dir='ltr'>ignorat</span> <span class='ocrx_word' id='word_1_121' title='bbox 1168 1791 1230 1849; x_wconf 91' lang='lat' dir='ltr'>et</span> <span class='ocrx_word' id='word_1_122' title='bbox 1274 1786 1363 1848; x_wconf 86' lang='lat' dir='ltr'>ita</span> <span class='ocrx_word' id='word_1_123' title='bbox 1407 1786 1526 1871; x_wconf 91' lang='lat' dir='ltr'>ipsi</span> <span class='ocrx_word' id='word_1_124' title='bbox 1577 1786 1857 1852; x_wconf 87' lang='lat' dir='ltr'>creditur</span> <span class='ocrx_word' id='word_1_125' title='bbox 1900 1789 2008 1852; x_wconf 89' lang='lat' dir='ltr'>hic</span> <span class='ocrx_word' id='word_1_126' title='bbox 2055 1797 2118 1853; x_wconf 88' lang='lat' dir='ltr'>et</span> <span class='ocrx_word' id='word_1_127' title='bbox 2171 1787 2355 1872; x_wconf 88' lang='lat' dir='ltr'>alibi,</span> <span class='ocrx_word' id='word_1_128' title='bbox 2418 1790 2598 1877; x_wconf 88' lang='lat' dir='ltr'>quasi</span> <span class='ocrx_word' id='word_1_129' title='bbox 2658 1788 2815 1853; x_wconf 88' lang='lat' dir='ltr'>alias</span> <span class='ocrx_word' id='word_1_130' title='bbox 2860 1790 3015 1854; x_wconf 89' lang='lat' dir='ltr'>nihil</span> <span class='ocrx_word' id='word_1_131' title='bbox 3062 1813 3346 1877; x_wconf 84' lang='lat' dir='ltr'>unquam</span> 
     </span>
     <span class='ocr_line' id='line_1_17' title="bbox 676 1892 3344 1983; baseline 0.001 -27"><span class='ocrx_word' id='word_1_132' title='bbox 676 1893 876 1977; x_wconf 90' lang='lat' dir='ltr'>egerit</span> <span class='ocrx_word' id='word_1_133' title='bbox 917 1900 1129 1978; x_wconf 88' lang='lat' dir='ltr'>preter</span> <span class='ocrx_word' id='word_1_134' title='bbox 1172 1893 1483 1977; x_wconf 87' lang='lat' dir='ltr'>promissa</span> <span class='ocrx_word' id='word_1_135' title='bbox 1528 1892 1866 1981; x_wconf 86' lang='lat' dir='ltr'>datamque</span> <span class='ocrx_word' id='word_1_136' title='bbox 1914 1895 2136 1979; x_wconf 86' lang='lat' dir='ltr'>fidem,</span> <span class='ocrx_word' id='word_1_137' title='bbox 2183 1919 2400 1960; x_wconf 88' lang='lat' dir='ltr'>rursus</span> <span class='ocrx_word' id='word_1_138' title='bbox 2449 1898 2625 1983; x_wconf 89' lang='lat' dir='ltr'>quasi</span> <span class='ocrx_word' id='word_1_139' title='bbox 2674 1919 2802 1961; x_wconf 92' lang='lat' dir='ltr'>non</span> <span class='ocrx_word' id='word_1_140' title='bbox 2849 1899 2974 1961; x_wconf 86' lang='lat' dir='ltr'>sint</span> <span class='ocrx_word' id='word_1_141' title='bbox 3018 1899 3181 1960; x_wconf 90' lang='lat' dir='ltr'>inter</span> <span class='ocrx_word' id='word_1_142' title='bbox 3226 1899 3344 1960; x_wconf 90' lang='lat' dir='ltr'>mi·</span> 
     </span>
     <span class='ocr_line' id='line_1_18' title="bbox 675 1997 3349 2090; baseline 0.002 -28"><span class='ocrx_word' id='word_1_143' title='bbox 675 1997 815 2064; x_wconf 88' lang='lat' dir='ltr'>lites</span> <span class='ocrx_word' id='word_1_144' title='bbox 860 1998 1096 2063; x_wconf 87' lang='lat' dir='ltr'>subditi</span> <span class='ocrx_word' id='word_1_145' title='bbox 1141 1998 1375 2085; x_wconf 90' lang='lat' dir='ltr'>aliique</span> <span class='ocrx_word' id='word_1_146' title='bbox 1430 1999 1798 2066; x_wconf 86' lang='lat' dir='ltr'>deditissimi</span> <span class='ocrx_word' id='word_1_147' title='bbox 1843 2001 2201 2087; x_wconf 84' lang='lat' dir='ltr'>lantgravio</span> <span class='ocrx_word' id='word_1_148' title='bbox 2250 2013 2312 2067; x_wconf 91' lang='lat' dir='ltr'>et</span> <span class='ocrx_word' id='word_1_149' title='bbox 2359 2005 2557 2089; x_wconf 89' lang='lat' dir='ltr'>ipsius</span> <span class='ocrx_word' id='word_1_150' title='bbox 2604 2005 2939 2090; x_wconf 87' lang='lat' dir='ltr'>capitanei.</span> <span class='ocrx_word' id='word_1_151' title='bbox 3031 2005 3084 2067; x_wconf 92' lang='lat' dir='ltr'>is</span> <span class='ocrx_word' id='word_1_152' title='bbox 3129 2002 3349 2067; x_wconf 83' lang='lat' dir='ltr'>utilius</span> 
     </span>
     <span class='ocr_line' id='line_1_19' title="bbox 677 2105 3447 2172; baseline 0.001 -2"><span class='ocrx_word' id='word_1_153' title='bbox 677 2107 878 2172; x_wconf 88' lang='lat' dir='ltr'>utitur</span> <span class='ocrx_word' id='word_1_154' title='bbox 922 2106 1159 2171; x_wconf 90' lang='lat' dir='ltr'>eisdem</span> <span class='ocrx_word' id='word_1_155' title='bbox 1207 2105 1543 2171; x_wconf 88' lang='lat' dir='ltr'>militibus:</span> <span class='ocrx_word' id='word_1_156' title='bbox 3372 2120 3447 2172; x_wconf 85' lang='lat'>15</span> 
     </span>
    </p>

    <p class='ocr_par' dir='ltr' id='par_1_6' title="bbox 676 2214 3348 2385">
     <span class='ocr_line' id='line_1_20' title="bbox 858 2214 3348 2304; baseline 0 -25"><span class='ocrx_word' id='word_1_157' title='bbox 858 2225 913 2279; x_wconf 91' lang='lat'>1.</span> <span class='ocrx_word' id='word_1_158' title='bbox 960 2214 1115 2278; x_wconf 89' lang='lat' dir='ltr'>facit</span> <span class='ocrx_word' id='word_1_159' title='bbox 1160 2236 1226 2278; x_wconf 91' lang='lat' dir='ltr'>se</span> <span class='ocrx_word' id='word_1_160' title='bbox 1272 2237 1563 2278; x_wconf 88' lang='lat' dir='ltr'>securum</span> <span class='ocrx_word' id='word_1_161' title='bbox 1610 2237 1726 2301; x_wconf 92' lang='lat' dir='ltr'>per</span> <span class='ocrx_word' id='word_1_162' title='bbox 1771 2216 2021 2281; x_wconf 90' lang='lat' dir='ltr'>eosdem</span> <span class='ocrx_word' id='word_1_163' title='bbox 2072 2224 2293 2282; x_wconf 87' lang='lat' dir='ltr'>contra</span> <span class='ocrx_word' id='word_1_164' title='bbox 2338 2220 2625 2304; x_wconf 84' lang='lat' dir='ltr'>quosvis,</span> <span class='ocrx_word' id='word_1_165' title='bbox 2681 2219 2869 2283; x_wconf 90' lang='lat' dir='ltr'>etiam</span> <span class='ocrx_word' id='word_1_166' title='bbox 2918 2239 3078 2303; x_wconf 90' lang='lat' dir='ltr'>quos</span> <span class='ocrx_word' id='word_1_167' title='bbox 3124 2217 3348 2281; x_wconf 81' lang='lat' dir='ltr'>timere</span> 
     </span>
     <span class='ocr_line' id='line_1_21' title="bbox 676 2320 951 2385; baseline 0 0"><span class='ocrx_word' id='word_1_168' title='bbox 676 2320 951 2385; x_wconf 84' lang='lat' dir='ltr'>haberet.</span> 
     </span>
    </p>

    <p class='ocr_par' dir='ltr' id='par_1_7' title="bbox 857 2430 2890 2518">
     <span class='ocr_line' id='line_1_22' title="bbox 857 2430 2890 2518; baseline 0.001 -26"><span class='ocrx_word' id='word_1_169' title='bbox 857 2437 915 2493; x_wconf 82' lang='lat'>2.</span> <span class='ocrx_word' id='word_1_170' title='bbox 964 2437 1246 2512; x_wconf 86' lang='lat' dir='ltr'>conatus,</span> <span class='ocrx_word' id='word_1_171' title='bbox 1292 2430 1345 2495; x_wconf 91' lang='lat' dir='ltr'>si</span> <span class='ocrx_word' id='word_1_172' title='bbox 1392 2431 1500 2516; x_wconf 89' lang='lat' dir='ltr'>qui</span> <span class='ocrx_word' id='word_1_173' title='bbox 1547 2437 1754 2494; x_wconf 88' lang='lat' dir='ltr'>essent</span> <span class='ocrx_word' id='word_1_174' title='bbox 1798 2430 1981 2495; x_wconf 88' lang='lat' dir='ltr'>ducis</span> <span class='ocrx_word' id='word_1_175' title='bbox 2026 2430 2543 2514; x_wconf 85' lang='lat' dir='ltr'>Brunswicensis‚</span> <span class='ocrx_word' id='word_1_176' title='bbox 2589 2431 2890 2518; x_wconf 86' lang='lat' dir='ltr'>infringit.</span> 
     </span>
    </p>

    <p class='ocr_par' dir='ltr' id='par_1_8' title="bbox 673 2533 3444 2729">
     <span class='ocr_line' id='line_1_23' title="bbox 855 2533 3341 2624; baseline 0.001 -23"><span class='ocrx_word' id='word_1_177' title='bbox 855 2544 911 2601; x_wconf 89' lang='grc'>3.</span> <span class='ocrx_word' id='word_1_178' title='bbox 960 2533 1429 2601; x_wconf 69' lang='lat' dir='ltr'>catholicorum</span> <span class='ocrx_word' id='word_1_179' title='bbox 1481 2539 1646 2602; x_wconf 87' lang='lat' dir='ltr'>vires</span> <span class='ocrx_word' id='word_1_180' title='bbox 1691 2545 1754 2602; x_wconf 91' lang='lat' dir='ltr'>et</span> <span class='ocrx_word' id='word_1_181' title='bbox 1799 2544 2064 2602; x_wconf 88' lang='lat' dir='ltr'>conatus</span> <span class='ocrx_word' id='word_1_182' title='bbox 2109 2538 2246 2624; x_wconf 88' lang='lat' dir='ltr'>pios</span> <span class='ocrx_word' id='word_1_183' title='bbox 2292 2540 2654 2624; x_wconf 87' lang='lat' dir='ltr'>supprimit,</span> <span class='ocrx_word' id='word_1_184' title='bbox 2711 2546 2782 2602; x_wconf 90' lang='lat' dir='ltr'>ut</span> <span class='ocrx_word' id='word_1_185' title='bbox 2828 2539 3164 2603; x_wconf 88' lang='lat' dir='ltr'>videantur</span> <span class='ocrx_word' id='word_1_186' title='bbox 3209 2561 3341 2603; x_wconf 84' lang='lat' dir='ltr'>am-</span> 
     </span>
     <span class='ocr_line' id='line_1_24' title="bbox 673 2640 3444 2729; baseline 0.004 -25"><span class='ocrx_word' id='word_1_187' title='bbox 673 2640 838 2729; x_wconf 90' lang='lat' dir='ltr'>plius</span> <span class='ocrx_word' id='word_1_188' title='bbox 883 2640 1115 2706; x_wconf 87' lang='lat' dir='ltr'>frustra</span> <span class='ocrx_word' id='word_1_189' title='bbox 1159 2665 1343 2728; x_wconf 90' lang='lat' dir='ltr'>posse</span> <span class='ocrx_word' id='word_1_190' title='bbox 1389 2645 1688 2708; x_wconf 88' lang='lat' dir='ltr'>resistere.</span> <span class='ocrx_word' id='word_1_191' title='bbox 3367 2664 3444 2715; x_wconf 78' lang='lat'>20</span> 
     </span>
    </p>

    <p class='ocr_par' dir='ltr' id='par_1_9' title="bbox 853 2749 3341 2837">
     <span class='ocr_line' id='line_1_25' title="bbox 853 2749 3341 2837; baseline 0.001 -23"><span class='ocrx_word' id='word_1_192' title='bbox 853 2759 911 2814; x_wconf 89' lang='grc'>4.</span> <span class='ocrx_word' id='word_1_193' title='bbox 959 2749 1450 2815; x_wconf 87' lang='lat' dir='ltr'>Protestantium</span> <span class='ocrx_word' id='word_1_194' title='bbox 1482 2773 1818 2816; x_wconf 90' lang='lat' dir='ltr'>numerum</span> <span class='ocrx_word' id='word_1_195' title='bbox 1849 2759 2042 2837; x_wconf 89' lang='lat' dir='ltr'>auget</span> <span class='ocrx_word' id='word_1_196' title='bbox 2078 2750 2358 2836; x_wconf 86' lang='lat' dir='ltr'>mirifice,</span> <span class='ocrx_word' id='word_1_197' title='bbox 2406 2754 2648 2818; x_wconf 90' lang='lat' dir='ltr'>animos</span> <span class='ocrx_word' id='word_1_198' title='bbox 2694 2753 2940 2819; x_wconf 82' lang='lat' dir='ltr'>extollit</span> <span class='ocrx_word' id='word_1_199' title='bbox 2977 2754 3341 2818; x_wconf 88' lang='lat' dir='ltr'>eorundem.</span> 
     </span>
    </p>

    <p class='ocr_par' dir='ltr' id='par_1_10' title="bbox 853 2855 2825 2945">
     <span class='ocr_line' id='line_1_26' title="bbox 853 2855 2825 2945; baseline 0.001 -21"><span class='ocrx_word' id='word_1_200' title='bbox 853 2866 910 2924; x_wconf 85' lang='lat'>5.</span> <span class='ocrx_word' id='word_1_201' title='bbox 958 2855 1176 2923; x_wconf 87' lang='lat' dir='ltr'>Cesari</span> <span class='ocrx_word' id='word_1_202' title='bbox 1224 2856 1355 2945; x_wconf 90' lang='lat' dir='ltr'>(cui</span> <span class='ocrx_word' id='word_1_203' title='bbox 1402 2858 1573 2923; x_wconf 88' lang='lat' dir='ltr'>bona</span> <span class='ocrx_word' id='word_1_204' title='bbox 1618 2858 1729 2922; x_wconf 90' lang='lat' dir='ltr'>dat</span> <span class='ocrx_word' id='word_1_205' title='bbox 1773 2857 2001 2934; x_wconf 58' lang='lat' dir='ltr'>verba}</span> <span class='ocrx_word' id='word_1_206' title='bbox 2048 2859 2301 2923; x_wconf 87' lang='lat' dir='ltr'>videtur</span> <span class='ocrx_word' id='word_1_207' title='bbox 2347 2862 2536 2925; x_wconf 87' lang='lat' dir='ltr'>tacite</span> <span class='ocrx_word' id='word_1_208' title='bbox 2581 2863 2825 2926; x_wconf 86' lang='lat' dir='ltr'>minari.</span> 
     </span>
    </p>

    <p class='ocr_par' dir='ltr' id='par_1_11' title="bbox 672 2965 3442 3266">
     <span class='ocr_line' id='line_1_27' title="bbox 853 2965 3342 3055; baseline 0.001 -24"><span class='ocrx_word' id='word_1_209' title='bbox 853 2976 908 3031; x_wconf 88' lang='lat'>6.</span> <span class='ocrx_word' id='word_1_210' title='bbox 956 2965 1427 3053; x_wconf 86' lang='lat' dir='ltr'>archiepiscopo</span> <span class='ocrx_word' id='word_1_211' title='bbox 1475 2965 1833 3031; x_wconf 84' lang='lat' dir='ltr'>Coloniensi</span> <span class='ocrx_word' id='word_1_212' title='bbox 1889 2966 2057 3030; x_wconf 88' lang='lat' dir='ltr'>idem</span> <span class='ocrx_word' id='word_1_213' title='bbox 2104 2975 2341 3053; x_wconf 87' lang='lat' dir='ltr'>prestat</span> <span class='ocrx_word' id='word_1_214' title='bbox 2400 2967 2565 3055; x_wconf 91' lang='lat' dir='ltr'>quod</span> <span class='ocrx_word' id='word_1_215' title='bbox 2629 2966 2863 3055; x_wconf 86' lang='lat' dir='ltr'>alioqui</span> <span class='ocrx_word' id='word_1_216' title='bbox 2911 2968 3193 3054; x_wconf 87' lang='lat' dir='ltr'>ejusdem</span> <span class='ocrx_word' id='word_1_217' title='bbox 3242 2992 3342 3033; x_wconf 86' lang='lat' dir='ltr'>ar-</span> 
     </span>
     <span class='ocr_line' id='line_1_28' title="bbox 672 3071 3340 3163; baseline 0.001 -26"><span class='ocrx_word' id='word_1_218' title='bbox 672 3071 1055 3159; x_wconf 91' lang='lat' dir='ltr'>chiepiscopi</span> <span class='ocrx_word' id='word_1_219' title='bbox 1102 3073 1295 3138; x_wconf 89' lang='lat' dir='ltr'>solius</span> <span class='ocrx_word' id='word_1_220' title='bbox 1339 3074 1640 3160; x_wconf 90' lang='lat' dir='ltr'>impensis</span> <span class='ocrx_word' id='word_1_221' title='bbox 1686 3075 1846 3137; x_wconf 85' lang='lat' dir='ltr'>foret</span> <span class='ocrx_word' id='word_1_222' title='bbox 1892 3074 2251 3140; x_wconf 80' lang='lat' dir='ltr'>faciendum</span> <span class='ocrx_word' id='word_1_223' title='bbox 2300 3074 2383 3139; x_wconf 89' lang='lat' dir='ltr'>ad</span> <span class='ocrx_word' id='word_1_224' title='bbox 2429 3098 2587 3161; x_wconf 90' lang='lat' dir='ltr'>opus</span> <span class='ocrx_word' id='word_1_225' title='bbox 2632 3077 2697 3139; x_wconf 90' lang='lat' dir='ltr'>in</span> <span class='ocrx_word' id='word_1_226' title='bbox 2745 3097 2870 3163; x_wconf 92' lang='lat' dir='ltr'>quo</span> <span class='ocrx_word' id='word_1_227' title='bbox 2920 3083 3211 3140; x_wconf 81' lang='lat' dir='ltr'>versatur</span> <span class='ocrx_word' id='word_1_228' title='bbox 3240 3100 3340 3140; x_wconf 89' lang='lat' dir='ltr'>ar-</span> 
     </span>
     <span class='ocr_line' id='line_1_29' title="bbox 675 3177 3442 3266; baseline 0.001 -24"><span class='ocrx_word' id='word_1_229' title='bbox 675 3178 1127 3266; x_wconf 89' lang='lat' dir='ltr'>chiepiscopus.</span> <span class='ocrx_word' id='word_1_230' title='bbox 3323 3177 3332 3184; x_wconf 70' lang='grc'><em>’</em></span> <span class='ocrx_word' id='word_1_231' title='bbox 3363 3194 3442 3244; x_wconf 76' lang='lat'>25</span> 
     </span>
    </p>

    <p class='ocr_par' dir='ltr' id='par_1_12' title="bbox 670 3286 3341 3480">
     <span class='ocr_line' id='line_1_30' title="bbox 854 3286 3341 3376; baseline -0 -21"><span class='ocrx_word' id='word_1_232' title='bbox 854 3299 909 3355; x_wconf 86' lang='lat'>7.</span> <span class='ocrx_word' id='word_1_233' title='bbox 958 3288 1238 3373; x_wconf 90' lang='lat' dir='ltr'>Anglum</span> <span class='ocrx_word' id='word_1_234' title='bbox 1288 3287 1407 3352; x_wconf 90' lang='lat' dir='ltr'>sibi</span> <span class='ocrx_word' id='word_1_235' title='bbox 1446 3286 2074 3374; x_wconf 87' lang='lat' dir='ltr'>Protestantibusque</span> <span class='ocrx_word' id='word_1_236' title='bbox 2121 3288 2591 3353; x_wconf 86' lang='lat' dir='ltr'>confederatum</span> <span class='ocrx_word' id='word_1_237' title='bbox 2629 3289 2904 3374; x_wconf 85' lang='lat' dir='ltr'>jactitat,</span> <span class='ocrx_word' id='word_1_238' title='bbox 2951 3298 3341 3376; x_wconf 86' lang='lat' dir='ltr'>auctumque</span> 
     </span>
     <span class='ocr_line' id='line_1_31' title="bbox 670 3394 1604 3480; baseline 0 -22"><span class='ocrx_word' id='word_1_239' title='bbox 670 3394 819 3459; x_wconf 90' lang='lat' dir='ltr'>inde</span> <span class='ocrx_word' id='word_1_240' title='bbox 865 3394 1179 3480; x_wconf 86' lang='lat' dir='ltr'>evangelii</span> <span class='ocrx_word' id='word_1_241' title='bbox 1225 3417 1604 3460; x_wconf 89' lang='lat' dir='ltr'>successum.</span> 
     </span>
    </p>

    <p class='ocr_par' dir='ltr' id='par_1_13' title="bbox 851 3501 2775 3589">
     <span class='ocr_line' id='line_1_32' title="bbox 851 3501 2775 3589; baseline -0.002 -21"><span class='ocrx_word' id='word_1_242' title='bbox 851 3513 908 3569; x_wconf 90' lang='lat'>8.</span> <span class='ocrx_word' id='word_1_243' title='bbox 957 3502 1340 3588; x_wconf 88' lang='lat' dir='ltr'>Desperatos</span> <span class='ocrx_word' id='word_1_244' title='bbox 1385 3502 1843 3589; x_wconf 89' lang='lat' dir='ltr'>propemodum</span> <span class='ocrx_word' id='word_1_245' title='bbox 1890 3501 2194 3566; x_wconf 90' lang='lat' dir='ltr'>hactenus</span> <span class='ocrx_word' id='word_1_246' title='bbox 2240 3502 2392 3566; x_wconf 88' lang='lat' dir='ltr'>facit</span> <span class='ocrx_word' id='word_1_247' title='bbox 2437 3510 2775 3589; x_wconf 83' lang='lat' dir='ltr'>sperantes.</span> 
     </span>
    </p>

    <p class='ocr_par' dir='ltr' id='par_1_14' title="bbox 669 3607 3442 3783">
     <span class='ocr_line' id='line_1_33' title="bbox 853 3607 3339 3697; baseline 0 -22"><span class='ocrx_word' id='word_1_248' title='bbox 853 3621 908 3677; x_wconf 89' lang='lat'>9.</span> <span class='ocrx_word' id='word_1_249' title='bbox 958 3608 1026 3674; x_wconf 88' lang='lat' dir='ltr'>Si</span> <span class='ocrx_word' id='word_1_250' title='bbox 1086 3609 1242 3674; x_wconf 89' lang='lat' dir='ltr'>nihil</span> <span class='ocrx_word' id='word_1_251' title='bbox 1301 3609 1473 3673; x_wconf 87' lang='lat' dir='ltr'>aliud</span> <span class='ocrx_word' id='word_1_252' title='bbox 1536 3617 1833 3694; x_wconf 89' lang='lat' dir='ltr'>sequetur</span> <span class='ocrx_word' id='word_1_253' title='bbox 1889 3607 2070 3692; x_wconf 82' lang='lat' dir='ltr'>mali,</span> <span class='ocrx_word' id='word_1_254' title='bbox 2141 3610 2259 3673; x_wconf 90' lang='lat' dir='ltr'>erit</span> <span class='ocrx_word' id='word_1_255' title='bbox 2318 3617 2527 3695; x_wconf 88' lang='lat' dir='ltr'>preter</span> <span class='ocrx_word' id='word_1_256' title='bbox 2595 3609 2845 3675; x_wconf 90' lang='lat' dir='ltr'>solitum</span> <span class='ocrx_word' id='word_1_257' title='bbox 2906 3612 3086 3697; x_wconf 91' lang='lat' dir='ltr'>quasi</span> <span class='ocrx_word' id='word_1_258' title='bbox 3149 3613 3339 3675; x_wconf 87' lang='lat' dir='ltr'>mira-</span> 
     </span>
     <span class='ocr_line' id='line_1_34' title="bbox 669 3717 3442 3783; baseline -0.001 -1"><span class='ocrx_word' id='word_1_259' title='bbox 669 3717 899 3783; x_wconf 88' lang='lat' dir='ltr'>culum.</span> <span class='ocrx_word' id='word_1_260' title='bbox 3361 3728 3442 3781; x_wconf 86' lang='lat'>30</span> 
     </span>
    </p>

    <p class='ocr_par' dir='ltr' id='par_1_15' title="bbox 849 3822 2352 3911">
     <span class='ocr_line' id='line_1_35' title="bbox 849 3822 2352 3911; baseline -0.001 -23"><span class='ocrx_word' id='word_1_261' title='bbox 849 3824 979 3905; x_wconf 80' lang='lat' dir='ltr'>Qui</span> <span class='ocrx_word' id='word_1_262' title='bbox 1026 3824 1343 3888; x_wconf 90' lang='lat' dir='ltr'>discursos</span> <span class='ocrx_word' id='word_1_263' title='bbox 1372 3823 1425 3911; x_wconf 82' lang='lat'>⁸)</span> <span class='ocrx_word' id='word_1_264' title='bbox 1474 3822 1729 3905; x_wconf 87' lang='lat' dir='ltr'>habent,</span> <span class='ocrx_word' id='word_1_265' title='bbox 1776 3822 2154 3909; x_wconf 86' lang='lat' dir='ltr'>prevideant</span> <span class='ocrx_word' id='word_1_266' title='bbox 2198 3822 2352 3888; x_wconf 84' lang='lat' dir='ltr'>alia!</span> 
     </span>
    </p>

    <p class='ocr_par' dir='ltr' id='par_1_16' title="bbox 667 3930 3440 4445">
     <span class='ocr_line' id='line_1_36' title="bbox 849 3930 3340 4018; baseline -0 -22"><span class='ocrx_word' id='word_1_267' title='bbox 849 3930 1040 4012; x_wconf 79' lang='lat' dir='ltr'>Quod</span> <span class='ocrx_word' id='word_1_268' title='bbox 1088 3930 1312 3996; x_wconf 88' lang='lat' dir='ltr'>milites</span> <span class='ocrx_word' id='word_1_269' title='bbox 1370 3933 1477 4018; x_wconf 91' lang='lat' dir='ltr'>qui</span> <span class='ocrx_word' id='word_1_270' title='bbox 1526 3931 1805 3995; x_wconf 85' lang='lat' dir='ltr'>Verdam</span> <span class='ocrx_word' id='word_1_271' title='bbox 1868 3938 2292 4017; x_wconf 87' lang='lat' dir='ltr'>occuparunt,</span> <span class='ocrx_word' id='word_1_272' title='bbox 2355 3953 2437 3993; x_wconf 82' lang='lat' dir='ltr'>ex</span> <span class='ocrx_word' id='word_1_273' title='bbox 2494 3930 2914 3996; x_wconf 86' lang='lat' dir='ltr'>Worsterlant</span> <span class='ocrx_word' id='word_1_274' title='bbox 2957 3931 3209 3996; x_wconf 87' lang='lat' dir='ltr'>iverunt</span> <span class='ocrx_word' id='word_1_275' title='bbox 3255 3933 3340 3997; x_wconf 84' lang='lat' dir='ltr'>ad</span> 
     </span>
     <span class='ocr_line' id='line_1_37' title="bbox 668 4037 3344 4126; baseline 0 -23"><span class='ocrx_word' id='word_1_276' title='bbox 668 4040 938 4126; x_wconf 87' lang='lat' dir='ltr'>patriam</span> <span class='ocrx_word' id='word_1_277' title='bbox 988 4039 1311 4124; x_wconf 85' lang='lat' dir='ltr'>quandam</span> <span class='ocrx_word' id='word_1_278' title='bbox 1357 4037 1717 4121; x_wconf 85' lang='lat' dir='ltr'>Hadelerie‚</span> <span class='ocrx_word' id='word_1_279' title='bbox 1765 4037 1874 4102; x_wconf 90' lang='lat' dir='ltr'>ubi</span> <span class='ocrx_word' id='word_1_280' title='bbox 1921 4060 2139 4101; x_wconf 88' lang='lat' dir='ltr'>omues</span> <span class='ocrx_word' id='word_1_281' title='bbox 2184 4037 2653 4120; x_wconf 87' lang='lat' dir='ltr'>interfecerunt,</span> <span class='ocrx_word' id='word_1_282' title='bbox 2700 4039 2889 4103; x_wconf 84' lang='lat' dir='ltr'>etiam</span> <span class='ocrx_word' id='word_1_283' title='bbox 2937 4038 3231 4103; x_wconf 88' lang='lat' dir='ltr'>mulieres</span> <span class='ocrx_word' id='word_1_284' title='bbox 3277 4049 3344 4103; x_wconf 89' lang='lat' dir='ltr'>et</span> 
     </span>
     <span class='ocr_line' id='line_1_38' title="bbox 667 4143 3341 4234; baseline 0 -24"><span class='ocrx_word' id='word_1_285' title='bbox 667 4145 1000 4233; x_wconf 86' lang='lat' dir='ltr'>parvulos,</span> <span class='ocrx_word' id='word_1_286' title='bbox 1062 4169 1144 4210; x_wconf 89' lang='lat' dir='ltr'>ex</span> <span class='ocrx_word' id='word_1_287' title='bbox 1203 4169 1276 4210; x_wconf 95' lang='lat' dir='ltr'>eo</span> <span class='ocrx_word' id='word_1_288' title='bbox 1336 4146 1506 4234; x_wconf 92' lang='lat' dir='ltr'>quod</span> <span class='ocrx_word' id='word_1_289' title='bbox 1565 4145 1721 4210; x_wconf 86' lang='lat' dir='ltr'>alias</span> <span class='ocrx_word' id='word_1_290' title='bbox 1777 4153 1925 4209; x_wconf 89' lang='lat' dir='ltr'>ante</span> <span class='ocrx_word' id='word_1_291' title='bbox 1983 4144 2194 4231; x_wconf 90' lang='lat' dir='ltr'>plures</span> <span class='ocrx_word' id='word_1_292' title='bbox 2253 4167 2451 4208; x_wconf 85' lang='lat' dir='ltr'>annos</span> <span class='ocrx_word' id='word_1_293' title='bbox 2511 4143 2593 4208; x_wconf 89' lang='lat' dir='ltr'>ab</span> <span class='ocrx_word' id='word_1_294' title='bbox 2653 4144 2874 4228; x_wconf 78' lang='lat' dir='ltr'>incolis</span> <span class='ocrx_word' id='word_1_295' title='bbox 2922 4144 3089 4209; x_wconf 90' lang='lat' dir='ltr'>illius</span> <span class='ocrx_word' id='word_1_296' title='bbox 3134 4147 3341 4232; x_wconf 83' lang='lat' dir='ltr'>patrie</span> 
     </span>
     <span class='ocr_line' id='line_1_39' title="bbox 667 4251 3440 4340; baseline -0 -22"><span class='ocrx_word' id='word_1_297' title='bbox 667 4255 924 4318; x_wconf 83' lang='lat' dir='ltr'>fuerunt</span> <span class='ocrx_word' id='word_1_298' title='bbox 982 4254 1293 4318; x_wconf 84' lang='lat' dir='ltr'>interfecti</span> <span class='ocrx_word' id='word_1_299' title='bbox 1352 4253 1563 4340; x_wconf 88' lang='lat' dir='ltr'>plures</span> <span class='ocrx_word' id='word_1_300' title='bbox 1623 4252 1879 4331; x_wconf 86' lang='lat' dir='ltr'>milites,</span> <span class='ocrx_word' id='word_1_301' title='bbox 1944 4253 2106 4316; x_wconf 91' lang='lat' dir='ltr'>inter</span> <span class='ocrx_word' id='word_1_302' title='bbox 2163 4274 2319 4338; x_wconf 81' lang='lat' dir='ltr'>quos</span> <span class='ocrx_word' id='word_1_303' title='bbox 2380 4251 2608 4316; x_wconf 91' lang='lat' dir='ltr'>milites</span> <span class='ocrx_word' id='word_1_304' title='bbox 2668 4252 2924 4316; x_wconf 89' lang='lat' dir='ltr'>fuerunt</span> <span class='ocrx_word' id='word_1_305' title='bbox 2987 4252 3166 4316; x_wconf 88' lang='lat' dir='ltr'>multi</span> <span class='ocrx_word' id='word_1_306' title='bbox 3228 4276 3340 4317; x_wconf 92' lang='lat' dir='ltr'>no—</span> <span class='ocrx_word' id='word_1_307' title='bbox 3361 4265 3440 4318; x_wconf 84' lang='lat'>35</span> 
     </span>
     <span class='ocr_line' id='line_1_40' title="bbox 667 4358 3336 4445; baseline 0 -22"><span class='ocrx_word' id='word_1_308' title='bbox 667 4358 856 4443; x_wconf 85' lang='lat' dir='ltr'>biles,</span> <span class='ocrx_word' id='word_1_309' title='bbox 931 4358 1155 4423; x_wconf 90' lang='lat' dir='ltr'>horum</span> <span class='ocrx_word' id='word_1_310' title='bbox 1217 4359 1485 4424; x_wconf 83' lang='lat' dir='ltr'>militurn</span> <span class='ocrx_word' id='word_1_311' title='bbox 1544 4360 1730 4425; x_wconf 88' lang='lat' dir='ltr'>amici</span> <span class='ocrx_word' id='word_1_312' title='bbox 1791 4366 1854 4423; x_wconf 91' lang='lat' dir='ltr'>et</span> <span class='ocrx_word' id='word_1_313' title='bbox 1912 4360 2396 4443; x_wconf 86' lang='lat' dir='ltr'>consanguinei:</span> <span class='ocrx_word' id='word_1_314' title='bbox 2470 4381 2769 4445; x_wconf 88' lang='lat' dir='ltr'>quorsum</span> <span class='ocrx_word' id='word_1_315' title='bbox 2845 4359 3109 4423; x_wconf 88' lang='lat' dir='ltr'>tendant</span> <span class='ocrx_word' id='word_1_316' title='bbox 3183 4382 3336 4424; x_wconf 88' lang='lat' dir='ltr'>non·</span> 
     </span>
    </p>
   </div>
   <div class='ocr_carea' id='block_1_5' title="bbox 667 4467 2129 4678">
    <p class='ocr_par' dir='ltr' id='par_1_17' title="bbox 667 4467 2129 4678">
     <span class='ocr_line' id='line_1_41' title="bbox 667 4467 1249 4532; baseline -0.003 0"><span class='ocrx_word' id='word_1_317' title='bbox 667 4468 821 4532; x_wconf 89' lang='lat' dir='ltr'>dum</span> <span class='ocrx_word' id='word_1_318' title='bbox 868 4467 1105 4531; x_wconf 89' lang='lat' dir='ltr'>scimus</span> <span class='ocrx_word' id='word_1_319' title='bbox 1128 4504 1153 4514; x_wconf 93' lang='lat'>-</span> <span class='ocrx_word' id='word_1_320' title='bbox 1178 4504 1200 4514; x_wconf 93' lang='lat'><em>-</em></span> <span class='ocrx_word' id='word_1_321' title='bbox 1225 4505 1249 4515; x_wconf 92' lang='lat'>-</span> 
     </span>
     <span class='ocr_line' id='line_1_42' title="bbox 850 4590 2129 4678; baseline -0.002 -23"><span class='ocrx_word' id='word_1_322' title='bbox 850 4590 1188 4656; x_wconf 86' lang='lat' dir='ltr'>Bruxellae</span> <span class='ocrx_word' id='word_1_323' title='bbox 1235 4593 1337 4657; x_wconf 91' lang='lat' dir='ltr'>die</span> <span class='ocrx_word' id='word_1_324' title='bbox 1391 4604 1465 4658; x_wconf 83' lang='lat'>17</span> <span class='ocrx_word' id='word_1_325' title='bbox 1516 4590 1890 4678; x_wconf 90' lang='lat' dir='ltr'>septembris</span> <span class='ocrx_word' id='word_1_326' title='bbox 1944 4600 2129 4657; x_wconf 82' lang='lat'>1545.</span> 
     </span>
    </p>
   </div>
   <div class='ocr_carea' id='block_1_6' title="bbox 1022 4739 1200 4746">
    <p class='ocr_par' dir='ltr' id='par_1_18' title="bbox 1022 4739 1200 4746">
     <span class='ocr_line' id='line_1_43' title="bbox 1022 4739 1200 4746; baseline 0 829"><span class='ocrx_word' id='word_1_327' title='bbox 1022 4739 1200 4746; x_wconf 95' lang='lat' dir='ltr'> </span> 
     </span>
    </p>
   </div>
   <div class='ocr_carea' id='block_1_7' title="bbox 810 4825 967 4875">
    <p class='ocr_par' dir='ltr' id='par_1_19' title="bbox 810 4825 967 4875">
     <span class='ocr_line' id='line_1_44' title="bbox 810 4825 967 4875; baseline 0.013 -12"><span class='ocrx_word' id='word_1_328' title='bbox 810 4825 854 4875; x_wconf 71' lang='grc' dir='ltr'>ι)</span> <span class='ocrx_word' id='word_1_329' title='bbox 886 4827 967 4865; x_wconf 70' lang='lat' dir='ltr'>Sic.</span> 
     </span>
    </p>
   </div>
   <div class='ocr_carea' id='block_1_8' title="bbox 3831 937 3840 1707">
    <p class='ocr_par' dir='ltr' id='par_1_20' title="bbox 3831 937 3840 1707">
     <span class='ocr_line' id='line_1_45' title="bbox 3831 937 3840 1707; baseline 0 0"><span class='ocrx_word' id='word_1_330' title='bbox 3831 937 3840 1707; x_wconf 95' lang='lat' dir='ltr'> </span> 
     </span>
    </p>
   </div>
   <div class='ocr_carea' id='block_1_9' title="bbox 3832 2026 3840 2741">
    <p class='ocr_par' dir='ltr' id='par_1_21' title="bbox 3832 2026 3840 2741">
     <span class='ocr_line' id='line_1_46' title="bbox 3832 2026 3840 2741; baseline 0 0"><span class='ocrx_word' id='word_1_331' title='bbox 3832 2026 3840 2741; x_wconf 95' lang='lat' dir='ltr'> </span> 
     </span>
    </p>
   </div>
  </div>
 </body>
</html>
