3859 5575
390 664 526 715 1545

356 734 473 789 Okc.
502 736 571 788 19

362 3566 481 3622 Okt.
513 3570 583 3621 19

604 460 713 523 866
1538 464 1638 521 No,
1679 465 1774 520 76:
1817 467 1957 521 1545
1994 463 2229 522 Oktober
2267 467 2349 522 19.

606 660 784 725 frutti
830 667 893 725 et
939 662 1419 727 contentandosi
1466 661 1580 728 che
1626 662 1669 727 li
1717 661 2098 749 vassallaggi
2145 664 2196 728 si
2245 662 2551 748 vendino,
2606 664 2753 750 quai
2800 663 3023 729 danari
3069 665 3120 728 si
3168 663 3273 729 de-

609 768 877 855 positino
941 768 1193 855 quando
1255 769 1315 834 la
1360 770 1636 857 impresa
1680 769 1746 834 di
1793 769 2141 836 Germania
2194 792 2321 835 non
2370 772 2463 835 sia
2506 792 2620 857 per
2676 768 2876 836 haver
2919 770 3129 836 effetto
3146 820 3162 851 ,
3207 772 3274 835 in

610 874 726 940 che
772 876 925 962 pero
972 877 1022 940 si
1068 884 1387 942 mostrano
1435 900 1680 964 sempre
1724 876 1850 943 ben
1895 876 2158 963 disposti
2208 900 2321 964 per
2367 886 2602 965 quanto
2649 880 2792 942 sara
2835 879 2900 942 in
2955 880 3109 961 essi,
3158 877 3274 943 che

610 985 738 1049 cosi
786 1005 1033 1070 sempre
1079 983 1477 1070 giustificano
1510 992 1731 1072 questa
1759 983 1856 1049 lor
1883 1007 2224 1072 promessa.
2318 1008 2423 1049 ma
2468 986 2617 1049 forsi
2650 984 2765 1050 che
2797 1008 2837 1049 a
2868 984 2998 1052 Sua
3029 985 3275 1050 Maesta

612 1113 735 1155 non
785 1092 1034 1176 pesaria
1079 1097 1254 1157 tanto
1301 1092 1365 1157 di
1413 1115 1583 1157 esser
1627 1093 1929 1178 impedita
1969 1116 2008 1156 a
2038 1100 2216 1179 poter
2261 1092 2359 1157 far
2402 1091 2467 1156 la
2496 1091 2670 1157 detta
2700 1094 2989 1179 impresa,
3036 1102 3272 1179 quanto
3329 1102 3365 1156 5

611 1196 714 1263 del
759 1220 929 1263 esser
987 1199 1288 1264 frustrato
1348 1198 1515 1265 della
1572 1222 1880 1286 speranza
1939 1207 2001 1264 et
2047 1207 2527 1285 assegnamento
2586 1200 2743 1264 fatto
2812 1221 3000 1286 sopra
3056 1208 3275 1287 queste

612 1306 997 1372 concessioni
1043 1306 1109 1371 di
1155 1306 1445 1393 Spagna,
1506 1306 1564 1372 le
1624 1306 1796 1395 quali
1857 1306 2090 1393 perche
2155 1308 2510 1373 ascendano
2557 1329 2597 1371 a
2642 1305 2858 1371 buona
2918 1329 3166 1372 summa
3211 1315 3277 1372 et

613 1412 843 1500 perche
876 1412 1006 1478 Sua
1038 1412 1282 1478 Maesta
1326 1411 1428 1478 nel
1458 1423 1645 1499 resto,
1677 1413 1880 1480 dache
1926 1415 2062 1479 fece
2092 1414 2155 1478 la
2187 1436 2363 1501 pace,
2395 1413 2479 1478 ha
2524 1421 2706 1478 usata
2741 1411 2931 1478 molte
2976 1412 3276 1502 frugalita

610 1519 777 1585 nello
824 1520 1148 1607 spendere‚
1195 1518 1238 1585 li
1284 1522 1536 1586 sariano
1583 1521 1648 1586 di
1694 1521 1936 1607 grande
1969 1522 2393 1608 importantia,
2425 1522 2703 1586 maxime
2747 1522 2814 1585 in
2845 1522 3047 1608 questi
3077 1523 3274 1608 tempi

613 1627 729 1693 che
775 1636 838 1692 et
883 1628 1157 1692 Francia
1204 1637 1268 1692 et
1320 1626 1522 1693 anche
1568 1627 1949 1714 Inghilterra
2010 1652 2133 1693 non
2181 1650 2450 1714 possono
2497 1651 2563 1693 se
2609 1650 2736 1693 non
2781 1650 2950 1692 esser
3007 1628 3274 1712 exausti‚
3294 1637 3365 1692 10

612 1734 1056 1822 specialmente
1087 1734 1394 1819 Francia3
1442 1734 1546 1799 nel
1575 1734 1760 1822 quale
1806 1737 1869 1799 in
1911 1735 2121 1800 effetto
2152 1733 2215 1799 la
2244 1744 2476 1800 natura
2504 1736 2726 1801 istessa
2770 1735 2836 1800 di
2869 1734 3001 1800 Sua
3032 1734 3278 1801 Maesta
3332 1726 3335 1730 “

611 1842 651 1907 l'
712 1840 947 1908 inclina
1005 1842 1089 1908 ad
1146 1840 1341 1908 haver
1398 1841 1461 1908 la
1517 1843 1680 1907 mira
1738 1865 1853 1907 sua
1911 1865 2101 1929 sopra
2158 1845 2307 1929 ogni
2368 1842 2529 1908 altra
2583 1865 2762 1927 cosa,
2822 1841 3151 1929 parendoli
3211 1842 3276 1906 di

612 1951 898 2016 metterci
945 1948 1047 2015 del
1076 1948 1313 2014 honore
1342 1950 1408 2013 in
1433 1972 1670 2035 grossO,
1710 1973 1776 2015 se
1807 1950 2019 2037 doppo
2051 1952 2209 2015 tanti
2241 1950 2427 2015 sforzi
2485 1974 2610 2016 non
2656 1958 2892 2016 mostra
2936 1947 2999 2014 al
3043 1949 3276 2016 mondo

614 2056 730 2123 che
776 2055 865 2122 lui
913 2057 947 2121 ὲ
993 2055 1037 2120 il
1084 2058 1437 2142 superiore!
1531 2055 1701 2122 siche
1748 2081 1788 2121 a
1834 2059 1960 2122 mio
2008 2080 2165 2144 poco
2211 2058 2486 2144 giudicio
2540 2058 2772 2145 pensisi
2819 2078 2977 2144 pure
3036 2055 3151 2121 che
3210 2079 3277 2122 se

613 2163 671 2231 le
716 2158 980 2251 risposte
1027 2164 1142 2229 che
1175 2187 1489 2230 verranno
1536 2163 1601 2229 di
1641 2163 1721 2248 la,
1755 2187 1880 2229 non
1912 2187 2185 2231 saranno
2215 2188 2255 2230 a
2286 2173 2791 2232 contentamento
2838 2162 3005 2230 della
3033 2163 3280 2229 Maesta
3299 2174 3368 2228 15

612 2272 763 2356 Sua,
811 2273 869 2337 ci
915 2274 1059 2337 sara
1104 2272 1209 2337 del
1253 2294 1525 2356 rumore,
1571 2273 1616 2337 il
1650 2270 1836 2360 quale
1880 2273 2035 2358 pero
2081 2295 2209 2337 non
2243 2272 2432 2338 credo
2480 2275 2573 2339 sia
2617 2296 2733 2361 per
2777 2272 3007 2336 durare
3053 2272 3134 2336 ne
3165 2293 3279 2357 per

613 2402 783 2446 esser
827 2381 909 2446 da
956 2378 1083 2445 bon
1131 2402 1346 2465 senn0,
1393 2403 1500 2445 ma
1545 2380 1675 2445 solo
1722 2402 1835 2467 per
1880 2387 2124 2445 tentare
2171 2387 2329 2445 tutte
2390 2378 2448 2445 le
2508 2380 2611 2445 vie
2672 2402 2787 2466 per
2845 2400 3102 2444 movere
3147 2378 3279 2444 Sua

613 2488 1017 2554 Beatitudine
1076 2510 1115 2553 a
1146 2486 1460 2571 satisfarli‚
1508 2511 1698 2553 senza
1728 2487 2063 2552 ricordarsi
2109 2488 2255 2575 quel
2300 2486 2416 2553 che
2449 2495 2621 2553 tante
2654 2487 2820 2553 volte
2852 2486 3005 2573 segli
3037 2489 3073 2551 ὸ
3105 2487 3276 2553 detto

614 2603 676 2660 et
722 2593 1163 2681 specialmente
1209 2594 1295 2659 da
1328 2594 1400 2660 V.
1436 2595 1497 2661 S.
1529 2595 1657 2659 ΒΜ
1687 2596 1752 2658 in
1786 2594 2072 2677 Vormes‚
2121 2593 2235 2659 che
2283 2601 2504 2681 questa
2549 2594 2763 2660 strada
2807 2592 2970 2659 delle
3002 2592 3278 2658 bravure

612 2703 679 2767 sa
724 2724 969 2790 sempre
1014 2703 1227 2767 effetto
1274 2702 1588 2767 contrario
1636 2724 1748 2789 per
1792 2700 1854 2766 la
1901 2708 2130 2767 natura
2183 2701 2248 2766 di
2296 2703 2428 2769 Sua
2473 2700 2889 2767 Beatitudine.
2937 2710 3000 2765 et
3045 2700 3277 2787 perche
3297 2710 3368 2763 20

613 2834 742 2898 qua
787 2812 838 2874 si
884 2810 968 2874 ha
1013 2811 1306 2896 opinione
1351 2809 1466 2875 che
1510 2833 1551 2875 a
1597 2809 1727 2876 Sua
1774 2809 2025 2874 Santita
2069 2832 2289 2896 prema
2337 2809 2528 2896 hoggi
2573 2810 2830 2896 disopra
2875 2815 3033 2874 tutte
3077 2808 3279 2874 l'altre

614 2940 758 2986 cose
788 2916 904 2981 che
948 2917 1010 2982 la
1052 2918 1427 2981 investitura
1472 2916 1538 2981 di
1586 2917 1818 2981 Parma
1863 2924 1928 2980 et
1972 2916 2038 2981 di
2081 2916 2397 2982 Piacenza
2442 2917 2494 2980 si
2541 2915 2861 2981 stabilisca
2909 2914 3069 2980 bene
3117 2924 3180 2981 et
3226 2917 3278 2980 si

613 3025 876 3092 assicuri
922 3046 1039 3088 con
1087 3021 1151 3087 la
1182 3023 1605 3088 satisfactione
1644 3023 1710 3088 di
1741 3022 1873 3088 Sua
1904 3022 2170 3106 Maesta,
2217 3022 2295 3088 V.
2330 3022 2391 3088 S.
2425 3022 2552 3087 Rm·
2581 3022 2816 3087 vedera
2861 3021 2976 3087 che
3020 3023 3089 3086 in
3134 3045 3279 3087 caso

615 3131 680 3196 di
729 3129 897 3197 mala
942 3138 1346 3196 contentezza
1377 3130 1509 3195 Sua
1539 3130 1787 3195 Maesta
1832 3131 1885 3194 si
1929 3129 2198 3195 lasciara
2251 3131 2454 3195 uscire
2486 3152 2525 3193 a
2555 3128 2770 3216 parole
2817 3128 2932 3194 che
2978 3151 3106 3194 non
3147 3130 3280 3216 pia-

616 3261 908 3321 cerann0‚
931 3244 993 3302 et
1015 3238 1122 3324 gia
1144 3238 1196 3302 si
1220 3238 1347 3324 pub
1379 3236 1831 3323 comprendere
1860 3259 1976 3323 per
2004 3236 2068 3301 la
2099 3238 2368 3324 risposta
2400 3236 2516 3302 che
2545 3235 2667 3301 ella
2699 3238 2757 3301 ci
2789 3235 2870 3300 ha
2899 3236 3058 3301 fatto
3090 3259 3281 3323 sopra
3299 3245 3368 3299 25

616 3347 733 3431 cio,
780 3345 1049 3411 dicendo
1097 3343 1212 3410 che
1258 3342 1501 3410 lascera
1546 3366 1793 3409 correre
1840 3350 1903 3408 et
1935 3345 2035 3409 far
2062 3366 2251 3430 parer
2299 3344 2463 3408 bono
2509 3342 2714 3430 quello
2761 3341 2877 3408 che
2923 3345 2974 3407 si
3021 3344 3057 3407 e
3103 3344 3279 3425 fatte,

617 3475 796 3518 come
827 3451 943 3519 che
974 3450 1187 3538 voglia
1223 3451 1479 3516 inferire
1525 3449 1639 3516 che
1687 3473 1814 3516 non
1861 3452 1896 3514 ὸ
1945 3448 2176 3534 buono,
2225 3472 2289 3515 se
2333 3449 2422 3515 lui
2469 3473 2597 3515 non
2642 3447 2702 3514 lo
2751 3471 3040 3536 approva
3066 3448 3121 3537 ⁸)
3160 3486 3181 3497 -
3208 3487 3229 3498 ·-
3257 3486 3280 3498 -

798 3560 905 3625 Da
949 3558 1218 3624 Malines
1264 3582 1303 3623 a
1348 3556 1392 3622 li
1443 3568 1522 3625 19
1572 3557 1631 3623 d'
1680 3556 1926 3624 ottobre
1955 3558 2020 3643 ¹).

759 3723 801 3774 a)
830 3721 906 3762 Die
924 3722 1118 3773 sermm-en
1150 3720 1457 3771 Bemerhmym
1485 3718 1704 3760 Dandsuos
1730 3719 1829 3759 aber
1855 3717 1920 3759 aa
1946 3717 2222 3769 Geqonstaeiudo
2249 3717 2322 3758 der
2342 3717 2522 3759 Andron
2551 3730 2594 3759 u.
2622 3730 2658 3759 ε.
2688 3729 2736 3758 w.
2766 3717 2876 3766 sind,
2904 3718 3042 3758 soem:
3068 3719 3130 3758 eie
3157 3717 3279 3757 viber-

614 3794 749 3846 ltcwpt
772 3796 817 3834 ἐκ
847 3792 1041 3834 Bab-achi
1067 3791 1266 3839 romanon,
1293 3802 1390 3832 sum
1419 3790 1768 3841 voratffyohendeu
1797 3789 1952 3830 stricke
1978 3790 2274 3840 hmmqozoyen
2303 3789 2478 3830 worden.
3299 3781 3370 3835 30

617 3883 736 3938 dem
777 3899 990 3954 yanzen
1038 3881 1402 3937 Territorium
1451 3881 1635 3935 hanno
1684 3880 1991 3936 consentito
2040 3879 2094 3934 al
2144 3879 2439 3934 medesimo
2490 3879 2592 3934 che
2629 3877 2857 3934 Guanth
2908 3878 3057 3933 eirca
3104 3877 3161 3932 la
3203 3877 3280 3931 di-

617 3972 817 4028 manda
853 3972 909 4026 di
945 3971 1135 4027 denari
1171 3970 1227 4024 di
1266 3969 1379 4026 Sua
1415 3967 1661 4039 Maesta,
1708 3969 1812 4025 che
1848 3965 1881 4024 ὲ
1917 3985 2017 4041 per
2065 3976 2150 4023 tre
2199 3969 2328 4023 anni
2366 3968 2589 4023 840000
2625 3966 2822 4037 fiorini,
2859 3985 2894 4022 a
2929 3969 3155 4022 280000
3190 3967 3281 4021 all'

617 4079 760 4118 anno
797 4061 1005 4127 (womit
1041 4077 1095 4115 es
1128 4059 1352 4126 [milich
1386 4059 1540 4113 nicht
1577 4058 1641 4112 in
1678 4058 1966 4127 Einkloenq
2002 4058 2172 4125 steht,
2219 4074 2379 4112 wenn
2415 4056 2711 4128 Navayero
2747 4075 2838 4111 am
2874 4060 2951 4112 23
2987 4056 3285 4111 November

615 4168 724 4206 von
760 4151 859 4205 der
893 4149 1060 4205 stadt
1097 4150 1435 4217 Antwerpen
1470 4148 1745 4214 berichtet,
1781 4148 1860 4202 sie
1898 4147 2035 4201 habe
2073 4147 2172 4201 der
2206 4163 2312 4201 von
2348 4147 2458 4201 den
2488 4146 2756 4217 Addiyen
2791 4146 2914 4200 und
2951 4145 3285 4200 Geistlicken

617 4240 942 4296 Flandems
991 4239 1316 4307 bewilliyten
1365 4237 1629 4307 Zahluny
1677 4254 1781 4292 von
1829 4240 1946 4291 250
1960 4240 2077 4290 000
2131 4235 2258 4291 Gla.
2303 4235 2551 4305 jahrlich
2601 4236 2721 4290 dre-i
2767 4235 2942 4290 Jahre
2992 4235 3122 4304 lany
3174 4234 3282 4289 bei·
3301 4235 3371 4289 35

615 4332 916 4401 ρεειίηιηιε,
967 4329 1087 4384 eine
1126 4327 1381 4397 Anyabe‚
1433 4327 1525 4380 die
1575 4326 1689 4392 aut*
1718 4327 1889 4382 einem
1924 4327 2142 4380 Irrtum
2190 4326 2285 4381 des
2331 4325 2684 4381 Venetianms
2736 4325 2975 4380 ber-when
3011 4326 3175 4393 may).
3219 4353 3281 4361 --

618 4421 783 4474 Nach
829 4419 1015 4473 diesen
1063 4418 1257 4473 Daton
1306 4417 1445 4471 wird
1492 4417 1719 4484 Henna,
1768 4417 1920 4471 Hist.
1959 4417 2024 4471 de
2065 4414 2289 4471 charles
2338 4415 2389 4468 V
2431 4416 2492 4469 T.
2545 4415 2698 4470 VIII
2737 4433 2791 4483 p.
2828 4417 2941 4469 269
2986 4430 3056 4467 zu
3106 4414 3283 4468 korri-

613 4509 803 4578 9ieren
836 4509 972 4575 sein,
1011 4508 1108 4562 der
1145 4538 1209 4546 —
1249 4508 1392 4561 wohl
1424 4508 1502 4561 im
1537 4507 1805 4560 Hinblick
1841 4506 1958 4571 auf
1976 4505 2279 4560 Flandern
2311 4534 2374 4545 —-
2412 4522 2519 4559 von
2556 4505 2782 4560 700000
2819 4504 2981 4558 livres
3018 4503 3285 4574 payables

618 4615 685 4652 en
724 4604 921 4668 quatre
959 4598 1025 4667 (!)
1077 4615 1177 4650 ans
1222 4597 1460 4665 sprioht3
1506 4596 1654 4650 auch
1690 4595 1991 4649 DandeZnos
2031 4595 2255 4665 Anyabe
2302 4594 2366 4647 in
2414 4610 2499 4648 nr.
2542 4597 2617 4647 70
2662 4594 2760 4661 ist,
2809 4594 2909 4648 wie
2953 4610 3084 4646 man
3130 4592 3283 4659 sieht,

618 4688 771 4742 nicht
804 4704 950 4757 ganz
981 4703 1183 4758 yenau.
3302 4681 3375 4738 40

767 4775 803 4841 ¹)
851 4765 987 4830 Uber
1023 4777 1115 4831 dio
1140 4775 1480 4842 Aufinahme‚
1517 4776 1711 4829 welche
1747 4773 1893 4828 diese
1930 4774 2050 4827 und
2087 4773 2177 4827 die
2213 4772 2695 4844 voraufyehenden
2719 4772 3037 4842 Depescken
3071 4788 3152 4826 an
3189 4771 3286 4825 der

620 4864 803 4918 Κυνὼ
839 4864 1072 4932 funden,
1108 4883 1148 4920 s.
1188 4884 1242 4920 u.
1282 4866 1372 4920 die
1411 4866 1563 4920 letzte
1600 4863 1957 4932 Anmerkuny
1992 4880 2063 4918 zu
2099 4879 2183 4916 nr.
2222 4865 2310 4917 86.
