3859 5575
708 454 816 517 666
1669 459 1766 515 No.
1805 460 1930 515 26*:
1971 459 2110 514 1545
2147 459 2297 531 April
2333 461 2418 516 25.
2486 437 2490 440 ⁴

487 658 626 707 1545
889 656 1152 742 Rispose
1233 655 1789 742 particularmentc
1858 656 1941 721 ad
2021 657 2167 742 ogni
2246 664 2423 744 parte
2489 657 2917 743 l'imperatore
2986 709 2999 722 .
3040 709 3053 722 .
3093 683 3140 743 .;
3209 658 3375 724 nella

438 729 572 795 ‘'In‘'
601 730 674 781 25
711 762 835 826 fine
895 764 1197 849 ringratio
1257 763 1709 849 grandementc
1768 761 1830 826 la
1875 762 2163 828 Serenita
2221 763 2455 828 Vostra
2513 763 2661 828 delli
2722 766 2916 846 avisi,
2986 765 3373 852 pregandola

709 869 824 934 che
891 869 1133 934 volesse
1202 871 1586 935 continuare.
1677 868 1896 957 liquali
1963 872 2123 935 avisi
2192 876 2255 935 et
2322 872 2600 935 maxime
2667 870 2709 935 li
2779 872 2893 958 pia
2960 873 3190 937 freschi
3260 873 3372 938 udi

709 1000 827 1041 con
898 977 1092 1042 molta
1159 980 1537 1061 attentione,
1610 999 1735 1041 non
1805 979 1857 1041 si
1924 977 2200 1064 potendo
2269 985 2600 1043 contenere
2669 976 2786 1043 che
2853 977 2953 1042 all’
3013 980 3189 1045 aviso
3256 980 3371 1045 6116

532 1094 670 1160 Apr.
711 1084 850 1149 dice
909 1082 1024 1149 che
1095 1083 1482 1149 Barbarossa
1550 1083 1809 1150 haveria
1864 1108 1980 1172 per
2041 1091 2202 1149 tutto
2270 1083 2467 1171 aprile
2526 1092 2708 1150 cento
2766 1084 2945 1171 galee
3002 1086 3068 1149 in
3129 1086 3367 1169 ordine,
3426 1102 3466 1154 5

707 1215 834 1256 non
881 1192 1313 1257 dimandasse:
1368 1191 1687 1286 ‘adonque
1736 1193 1943 1258 1166116
1988 1191 2379 1257 Barbarossa
2434 1215 2549 1279 per
2595 1199 2759 1257 tutto
2812 1193 3010 1279 aprile
3023 1182 3085 1256 Υ
3147 1193 3209 1258 al
3254 1194 3369 1260 che

707 1299 860 1364 dissi
917 1299 1010 1364 io:
1073 1300 1212 1383 sire,
1273 1299 1499 1364 dicono
1553 1300 1599 1363 li
1661 1301 1819 1364 avisi
1879 1298 1996 1364 che
2051 1322 2322 1365 saranno
2381 1301 2446 1364 in
2505 1300 2725 1365 ordine
2780 1323 2894 1387 per
2951 1306 3113 1365 tutto
3170 1300 3369 1388 aprile

714 1415 837 1473 100
883 1405 1061 1492 galee
1107 1444 1130 1455 ·
1155 1443 1176 1454 -
1206 1443 1225 1454 -

432 1521 571 1588 Apr.
597 1524 671 1574 24
886 1514 1041 1577 Heri
1088 1515 1252 1578 intro
1298 1514 1365 1577 in
1412 1520 1633 1600 questa
1678 1515 1831 1578 citta
1875 1513 1918 1578 il
1966 1513 2133 1578 duca
2160 1512 2493 1596 d'Orliens,
2540 1512 2581 1577 il
2630 1511 2779 1600 qual
2824 1513 2893 1577 fu
2941 1512 3239 1577 mandato
3283 1513 3367 1577 ad

705 1623 1064 1686 incontrare
1107 1643 1224 1707 per
1271 1620 1491 1685 ordine
1537 1619 1603 1684 di
1634 1620 1865 1686 Cesare
1910 1620 2016 1685 dal
2062 1621 2230 1685 duca
2274 1620 2357 1685 da
2388 1620 2661 1684 Arascot
2705 1627 2769 1684 et
2817 1628 2901 1685 20
2932 1619 3365 1704 gentilhomini
3388 1636 3461 1689 10

705 1728 769 1792 di
829 1727 1039 1815 quella
1098 1728 1343 1793 Maesta
1400 1728 1488 1791 fin
1543 1729 1607 1791 in
1669 1725 2046 1810 Brusselles,
2106 1736 2169 1793 et
2227 1728 2357 1792 cosi
2415 1727 2499 1791 da
2558 1727 2791 1791 diversi
2838 1725 2982 1790 altri
3028 1727 3257 1813 signori
3304 1733 3369 1791 et

703 1834 1140 1920 gentilhomini
1189 1858 1302 1921 per
1350 1842 1507 1899 tutto
1555 1842 1775 1922 questo
1822 1835 2088 1899 camino.
2168 1833 2458 1899 scavalco
2505 1832 2566 1898 al
2597 1832 2882 1920 pallazzo
2929 1832 3069 1898 dell'
3103 1835 3365 1920 impera-

703 1950 857 2024 tore,
904 1942 948 2006 11
997 1941 1183 2030 quale
1230 1941 1270 2006 li
1321 1964 1523 2007 venne
1585 1944 1870 2006 incontro
1932 1941 2058 2006 fino
2118 1940 2243 2006 alla
2301 1943 2504 2028 prima
2564 1949 2748 2027 porta
2795 1962 2983 2026 sopra
3028 1941 3093 2005 la
3136 1941 3365 2006 strada.

703 2049 771 2113 fu
818 2048 1064 2114 infinita
1110 2048 1172 2112 la
1218 2050 1572 2114 reverentia
1617 2047 1717 2113 del
1763 2049 1929 2113 duca
1977 2070 2160 2113 verso
2205 2047 2268 2112 la
2315 2048 2558 2112 Maesta¹
2602 2048 2765 2131 Sua3
2812 2048 2880 2112 fu
2928 2046 3128 2112 anche
3173 2046 3367 2113 molta

702 2155 766 2219 la
811 2157 1075 2221 cortesia
1122 2163 1184 2220 et
1229 2156 1558 2220 humanita
1603 2155 1819 2221 ch'uso
1850 2154 2082 2221 Cesare
2131 2177 2249 2220 con
2296 2154 2401 2220 lui.
2498 2161 2750 2219 stettcro
2784 2177 2896 2240 per
2941 2176 3099 2241 poco
3145 2157 3361 2241 spacio
3386 2168 3457 2221 15

703 2262 767 2326 di
817 2269 1027 2348 tempo
1074 2260 1240 2326 nella
1298 2269 1468 2327 corte
1524 2261 1822 2347 ridend03
1882 2264 1987 2349 poi
2048 2269 2325 2327 montate
2381 2261 2438 2326 le
2494 2261 2684 2326 scalle
2744 2264 2795 2326 si
2856 2262 3175 2326 ridussero
3229 2262 3363 2327 loro

702 2369 806 2432 doi
854 2370 1127 2454 separati
1175 2367 1257 2433 ad
1304 2392 1430 2433 una
1476 2369 1749 2434 fenestra
1792 2391 1905 2455 per
1951 2371 2164 2456 spacio
2199 2368 2349 2432 d’un
2382 2377 2607 2455 quarto
2639 2368 2860 2433 d'hora
2888 2369 3139 2433 incirca.
3196 2368 3363 2434 ando

702 2477 806 2561 poi
868 2475 911 2539 il
969 2475 1135 2539 duca
1190 2498 1229 2539 a
1288 2475 1482 2541 veder
1534 2474 1597 2541 la
1655 2477 1906 2562 regina,
1966 2474 2135 2540 della
2191 2475 2341 2562 qual
2400 2474 2716 2540 licentiato
2777 2498 2843 2539 se
2902 2498 2982 2540 ne
3025 2476 3193 2541 ando
3238 2474 3362 2541 allo

700 2582 1185 2668 alloggiamento
1231 2605 1362 2647 suo.
1458 2584 1507 2646 si
1567 2583 1824 2669 giudica
1880 2581 1999 2648 che
2060 2585 2153 2647 sia
2211 2590 2445 2647 venuto
2506 2604 2624 2646 con
2687 2592 2815 2650 300
2871 2581 3097 2647 cavalli
3143 2580 3205 2647 al
3249 2584 3361 2669 pisi

701 2712 825 2753 non
875 2688 1065 2754 molto
1113 2687 1262 2754 boni
1310 2690 1389 2754 116
1436 2689 1558 2754 ben
1607 2691 1669 2754 in
1732 2689 1986 2772 ordine,
2049 2713 2113 2754 se
2169 2688 2290 2754 ben
2356 2687 2437 2752 116
2482 2688 2636 2753 fatto
2685 2689 3018 2755 dimandar
3062 2688 3454 2776 alloggia·20

700 2806 910 2863 mento
955 2820 1069 2884 per
1116 2807 1260 2864 800.

878 2903 1001 2970 Del
1049 2912 1257 2991 tempo
1307 2903 1442 2968 ch'e
1486 2926 1602 2990 per
1647 2910 1814 2969 stare
1860 2928 1898 2969 a
1945 2912 2165 2991 questa
2212 2912 2400 2985 corte,
2445 2906 2510 2969 vi
2560 2926 2713 2969 sono
2759 2904 3007 2969 diverse
3061 2905 3359 2991 opinioni.

698 3012 907 3077 alcuni
956 3013 1180 3077 dicono
1228 3010 1342 3076 che
1390 3013 1631 3097 partira
1675 3020 1903 3098 presto,
1953 3010 2163 3076 alcuni
2209 3011 2353 3077 altri
2401 3010 2516 3076 6116
2563 3012 2614 3075 61
2659 3012 2934 3076 fermara
2978 3035 3097 3076 con
3129 3010 3360 3077 Cesare

697 3143 811 3207 per
851 3118 1189 3203 seguitarlo
1236 3141 1535 3206 ovunque
1582 3119 1766 3183 vada.
1831 3119 1913 3182 da
1960 3118 2138 3182 molti
2185 3119 2250 3182 di
2294 3120 2499 3206 questi
2539 3116 2990 3204 gentilhomini‚
3038 3116 3153 3183 che
3204 3140 3358 3184 sono

699 3227 842 3291 stati
890 3227 973 3290 ad
1019 3223 1403 3291 incontrarlo
1449 3227 1516 3289 in
1565 3223 1938 3308 BrusselleS,
1986 3224 2066 3290 ho
2113 3226 2311 3291 intcso
2357 3227 2419 3291 io
2466 3224 2620 3290 che’l
2679 3225 2850 3289 duca
2896 3248 3019 3290 non
3069 3226 3120 3290 si
3166 3225 3361 3291 lascia
3378 3238 3454 3290 25

695 3334 1004 3417 intender,
1051 3333 1429 3398 affirmando
1473 3333 1704 3397 d'esser
1752 3340 1984 3397 venuto
2043 3331 2383 3398 solamente
2439 3355 2553 3419 per
2607 3334 2862 3397 servitio
2909 3333 2974 3397 di
3022 3332 3251 3398 Cesarc
3297 3341 3360 3399 61

696 3463 810 3528 per
857 3440 1080 3506 obedir
1125 3464 1164 3505 a
1211 3449 1447 3528 quanto
1494 3462 1630 3505 esso
1679 3440 2080 3522 comandera,
2126 3448 2189 3504 et
2233 3440 2348 3505 6116
2394 3461 2530 3504 6660
2577 3462 2704 3504 11011
2736 3440 2771 3504 e
2818 3462 2931 3526 per
2977 3440 3152 3504 voler
3196 3439 3357 3504 altro

697 3547 812 3613 che
859 3547 1066 3636 quello
1113 3547 1228 3613 che
1275 3550 1466 3613 vorra
1509 3546 1893 3634 l'imperator
1939 3570 2052 3612 suo
2099 3549 2364 3633 signore.
2456 3548 2545 3611 mi
2590 3545 2802 3611 hanno
2849 3546 3049 3612 6116116
3080 3546 3255 3611 1110111
3292 3547 3357 3611 (11

695 3654 884 3743 quelli
932 3654 1251 3720 cavallieri
1297 3655 1612 3720 affirmato
1659 3653 1774 3719 che
1820 3653 2111 3718 havendo
2167 3652 2381 3719 voluto
2445 3656 2511 3718 in
2576 3660 2795 3741 questo
2840 3655 3095 3739 viaggio
3142 3676 3359 3719 cercar

697 3762 1052 3827 d'intender
1096 3761 1245 3850 qual
1292 3760 1502 3827 debba
1548 3783 1714 3826 esser
1761 3760 1823 3825 la
1870 3760 2097 3847 moglie
2153 3761 2215 3825 di
2264 3760 2396 3827 Sua
2454 3761 2854 3844 Eccellenza,
2914 3760 3144 3847 perche
3191 3759 3451 3825 della30

695 3870 839 3935 dote
885 3869 1002 3935 che
1049 3871 1084 3935 e
1131 3869 1174 3934 il
1222 3877 1381 3935 stato
1428 3869 1490 3933 di
1524 3867 1782 3952 Milano,
1831 3891 2087 3954 ognuno
2133 3870 2241 3955 qui
2289 3870 2323 3932 ὸ
2371 3868 2610 3933 hormai
2651 3867 2909 3932 risoluto
2956 3875 3020 3932 61
3063 3869 3183 3932 6661
3228 3891 3352 3933 me-

694 3977 912 4041 desimi
965 3977 1267 4042 Francesi
1314 3975 1373 4041 lo
1420 3976 1805 4058 confessanO,
1853 3998 1977 4041 non
2026 3975 2278 4040 l’hanno
2309 3982 2529 4062 potuto
2571 3974 2997 4040 chiaramente
3027 3997 3355 4061 compren-

693 4085 860 4168 dere,
909 4107 1013 4148 ma
1058 4083 1399 4149 solamente
1447 4082 1653 4171 quello
1701 4082 1815 4148 che
1860 4084 1919 4149 le
1967 4083 2307 4149 conditioni
2356 4082 2513 4148 colle
2558 4082 2728 4169 quali
2780 4083 2995 4145 vorria
3039 4080 3156 4144 dar
3199 4080 3354 4144 l'im-

691 4197 947 4277 perator
993 4189 1055 4254 la
1099 4191 1367 4277 figliola,
1426 4192 1576 4255 forsi
1625 4214 1749 4255 non
1796 4191 2136 4278 piacerano
2195 4189 2256 4254 al
2301 4213 2369 4255 re
2415 4191 2495 4254 116
2541 4188 2667 4255 6116
2711 4212 2944 4254 corona
2985 4188 3047 4252 di
3084 4188 3353 4271 Franza,

692 4304 755 4361 61
815 4295 1019 4383 quelle
1077 4297 1233 4362 colle
1295 4297 1464 4385 quali
1521 4297 1565 4361 il
1623 4320 1692 4362 re
1752 4298 1964 4362 vorria
2023 4305 2301 4362 accettar
2345 4296 2406 4360 la
2451 4296 2713 4383 figliola,
2763 4319 2888 4361 non
2937 4295 3446 4360 satisfaranno35

691 4426 805 4490 per
850 4411 1158 4469 aventura
1204 4404 1304 4469 all'
1352 4408 1750 4491 imperatore,
1796 4427 1909 4490 per
1955 4402 1998 4468 il
2045 4403 2160 4468 che
2207 4405 2258 4467 61
2303 4403 2668 4468 resolvcano
2713 4405 2779 4466 in
2828 4403 3084 4467 credere
3129 4400 3246 4466 che
3291 4400 3355 4465 la

690 4518 915 4598 nepote
961 4511 1220 4577 devesse
1266 4534 1435 4576 esser
1480 4511 1540 4576 la
1587 4510 1818 4596 moglie
1863 4548 1884 4559 ·
1910 4549 1936 4559 -
1961 4549 1983 4558 -

868 4616 988 4683 Nol
1032 4618 1374 4683 medesimo
1421 4619 1688 4683 termine
1734 4617 1847 4682 che
1880 4640 1993 4682 son
2040 4619 2119 4700 io,
2167 4618 2202 4682 ὲ
2247 4617 2292 4681 11
2338 4618 2554 4704 signor
2598 4619 2822 4683 noncio
2867 4625 2930 4682 61
2960 4618 3102 4682 111111
3134 4615 3179 4681 11
3207 4615 3353 4683 altri

690 4724 1134 4790 ambasciatori
1182 4725 1247 4789 di
1294 4732 1516 4812 questa
1564 4732 1768 4804 corte,
1828 4723 1934 4789 alli
1982 4723 2154 4811 quali
2210 4727 2337 4789 mai
2394 4726 2429 4790 e
2484 4727 2886 4790 comunicata
2931 4747 3079 4790 cosa
3123 4725 3354 4789 alcuna

688 4832 774 4896 da
819 4848 1037 4918 questo
1085 4833 1386 4918 principe.
1479 4832 1738 4896 visitaro
1786 4843 2006 4918 questo
2054 4830 2200 4896 Ill¹¹¹o
2249 4834 2461 4918 signor
2505 4833 2672 4898 duca
2702 4834 2768 4897 in
2800 4856 2987 4898 nome
3017 4834 3082 4898 di
3116 4833 3349 4898 Vostra
3370 4837 3445 4891 40
