3859 5575
1298 477 1397 538 No.
1435 480 1744 539 105—106:
1784 480 1922 538 1545
1960 478 2244 537 Dezember
2280 481 2508 538 12—11.
3131 476 3233 540 487

569 680 867 765 maneggi
922 680 1038 744 che
1097 702 1393 762 corrono,
1451 679 1682 766 perche
1745 680 1811 743 in
1874 679 2087 745 effetto
2145 701 2272 743 non
2335 681 2391 744 ci
2458 679 2586 765 pub
2655 678 2997 744 attendere.
3105 676 3237 741 Sua
3323 681 3459 731 1545

572 787 817 852 Maesth.
848 786 987 851 dice
1032 787 1096 851 di
1145 786 1337 851 voler'
1386 809 1500 873 per
1545 788 1692 872 ogni
1740 786 1927 851 modo
1974 787 2212 851 andare
2257 785 2340 850 ad
2388 784 2662 869 Utrech3
2710 807 2815 850 ma
2859 786 2894 849 ὲ
2942 785 3237 869 opinione
3272 749 3401 803 Da·
3433 754 3501 804 12

571 894 651 958 de
699 892 871 958 molti
920 893 1035 958 che
1079 916 1209 958 non
1257 892 1317 958 lo
1362 896 1549 979 potrs
1593 901 1656 958 et
1702 892 1818 957 che
1863 895 1977 979 pin
2025 901 2186 958 tosto
2232 892 2294 956 la
2349 895 2568 978 regina
2627 900 2692 957 et
2748 892 3113 976 monsignor
3170 890 3235 954 di

572 999 897 1066 Granvela
943 1007 1326 1065 tornaranno
1372 1002 1500 1086 qui,
1546 999 1731 1087 quale
1778 998 2104 1064 Granvela
2159 1000 2327 1064 ando
2373 999 2436 1063 lia.
2482 1022 2594 1084 per
2639 1000 2935 1084 negociar
2994 1020 3116 1062 con
3174 996 3237 1061 la

519 1108 746 1173 5detta
791 1108 1008 1193 regina
1053 1106 1118 1172 la
1161 1109 1408 1193 pratica
1452 1107 1553 1172 del
1600 1107 1925 1192 stringersi
1987 1128 2106 1172 con
2165 1105 2546 1191 Inghilterra
2575 1107 2660 1193 ¹);
2721 1103 3058 1170 tuttavolta
3115 1126 3236 1169 con

570 1213 772 1279 l'altro
817 1215 1021 1300 primo
1068 1215 1321 1301 spaccio
1369 1214 1444 1279 V.
1493 1213 1554 1279 S.
1603 1214 1731 1278 ΒΨ·
1778 1215 2014 1277 resterh,
2060 1214 2171 1298 piu
2219 1212 2436 1278 chiara
2482 1212 2549 1276 di
2592 1219 2755 1277 tutto
2801 1217 2864 1276 et
2909 1213 3100 1297 saprb,
3144 1211 3235 1274 in·

571 1328 746 1385 tanto
777 1321 912 1404 che,
959 1343 1026 1386 se
1056 1321 1186 1386 Sua
1218 1321 1464 1385 Maesth
1493 1343 1619 1385 non
1658 1322 1845 1406 potrh.
1890 1319 2130 1385 andare
2175 1320 2256 1385 ad
2291 1318 2551 1400 Utrech,
2597 1319 2641 1383 li
2674 1319 3027 1404 dispiacerh.
3071 1318 3236 1382 assai

571 1450 685 1514 per
728 1426 773 1492 il
819 1427 1131 1492 desiderio
1178 1427 1295 1492 che
1340 1435 1567 1492 teneva
1612 1428 1693 1493 de
1738 1428 1874 1492 fare
1919 1434 2139 1514 questo
2201 1427 2435 1491 honore
2496 1433 2560 1491 et
2618 1447 2874 1490 carezze
2933 1449 2972 1490 a
3028 1423 3238 1512 quella

570 1537 724 1600 cittii
767 1534 834 1599 di
893 1536 1138 1600 tenervi
1195 1534 1238 1599 il
1298 1534 1575 1621 capitulo
1635 1533 1775 1599 dell'
1838 1534 2059 1599 ordine
2105 1534 2170 1598 di
2218 1534 2498 1616 Tosone‚
2557 1555 2670 1620 per
2728 1554 2899 1597 esser
2957 1532 3236 1597 dominio

485 1652 554 1706 10
573 1663 738 1706 novo
783 1649 847 1706 et
891 1643 1239 1729 acquistato
1298 1641 1405 1706 dal
1471 1651 1554 1708 28
1603 1642 1670 1704 in
1715 1663 1876 1728 qua,
1936 1640 2197 1705 essendo
2258 1662 2371 1726 per
2427 1640 2636 1726 prima
2694 1645 2855 1703 stato
2914 1639 3234 1702 immemo-
3272 1649 3415 1702 1528

571 1746 945 1813 rabilmente
990 1748 1094 1813 del
1140 1770 1410 1813 vescovo
1470 1750 1536 1811 iu
1581 1745 1926 1834 temporale
1973 1755 2036 1811 et
2081 1745 2424 1833 spirituale,
2473 1769 2649 1811 come
2695 1768 2889 1832 penso
2937 1744 3051 1809 che
3112 1741 3233 1809 ben

570 1855 648 1920 V.
690 1855 750 1920 S.
797 1856 925 1920 R¹¹¹⁸
969 1856 1221 1942 sappia,
1268 1863 1331 1920 et
1376 1856 1411 1918 e
1457 1854 1595 1920 loco
1641 1862 1705 1919 et
1749 1856 1866 1919 sito
1914 1855 1979 1918 di
2027 1853 2195 1918 bona
2239 1854 2645 1938 importantia
2692 1854 2969 1916 maxime
3016 1874 3128 1936 per
3172 1851 3236 1916 la

573 1961 766 2027 tutela
812 1961 971 2027 delle
1018 1984 1159 2027 cose
1207 1963 1274 2027 di
1320 1960 1626 2028 Gheldria
1672 1998 1695 2010 ·
1720 1999 1743 2010 ·
1770 1997 1791 2009 ·

748 2068 854 2133 Da
899 2068 1146 2134 Bolduc
1192 2091 1233 2134 a
1280 2080 1362 2135 12
1410 2068 1477 2133 di
1523 2066 1856 2133 decembre
1909 2077 2096 2135 1545.
3271 2075 3401 2130 Dez.
3430 2078 3497 2129 12

483 2293 552 2347 15
571 2282 726 2350 106.
803 2284 1084 2350 Farnese
1130 2305 1219 2348 an
1268 2282 1652 2349 Granvella:
1697 2282 2048 2359 Bedauert‚
2095 2282 2233 2363 dass
2280 2280 2558 2346 letzterer
2602 2302 2722 2345 zur
2754 2280 2895 2345 Zeit
2938 2281 3052 2344 der
3082 2278 3233 2345 Seu·
3271 2290 3402 2345 Dez.
3433 2293 3492 2342 11

572 2391 743 2472 dung]
811 2390 1156 2455 Dandinos
1222 2392 1360 2455 und
1423 2391 1816 2472 Marquinas
1889 2390 2064 2453 nicht
2139 2411 2245 2452 am
2314 2388 2482 2469 Hofe
2549 2410 2700 2451 war.
2818 2386 3234 2468 Beteuertmy,

570 2498 700 2580 (last
743 2498 854 2562 der
900 2497 1106 2579 Papst
1151 2499 1254 2562 die
1299 2500 1457 2563 beste
1511 2498 1888 2579 Gesinnuny
1946 2516 2134 2579 yeyen
2192 2496 2315 2560 den
2358 2495 2603 2559 Kaisar
2660 2495 2798 2558 und
2852 2495 2921 2556 in
2979 2494 3093 2557 der
3136 2493 3233 2557 be-

569 2606 829 2685 wustten
883 2605 1364 2688 Anyeleqenheit
1418 2604 1591 2669 habe.
1700 2604 1998 2668 Verweist
2057 2602 2186 2684 auf
2234 2603 2474 2667 weitere
2534 2601 2988 2682 Blitteilunqen
3046 2600 3234 2665 Dan-

571 2711 753 2775 dinos
794 2712 933 2775 und
975 2713 1385 2794 MarquinaS.
1476 2714 1641 2775 1545
1687 2709 2025 2776 Dezember
2073 2714 2147 2772 11
2194 2709 2358 2773 Rom
2384 2712 2458 2797 ³).

482 2847 554 2900 ‘20
714 2845 836 2898 Aus
870 2845 1095 2913 Parma,
1133 2846 1301 2899 Arch.
1341 2845 1403 2899 di
1440 2844 1596 2901 Scato
1632 2843 1930 2915 Carteggio
1968 2843 2301 2898 Farnesiano
2339 2844 2603 2912 Konzept.

750 2959 897 3023 Ill¹¹¹⁰
930 2961 1144 3045 signer
1172 2961 1317 3026 mio.
1369 2959 1623 3025 haverei
1652 2961 1715 3024 io
1746 2959 2204 3024 infinitamente
2236 2959 2588 3024 desiderato
2621 2957 2736 3024 che
2765 2956 2866 3022 all'
2893 2959 3103 3022 arrivo
3136 2955 3237 3021 del

573 3088 843 3131 vescovo
890 3067 956 3131 di
1002 3066 1265 3133 Caserta
1308 3074 1369 3132 et
1417 3067 1625 3133 Pedro
1671 3067 1736 3131 di
1783 3065 2120 3131 Marchina
2151 3067 2229 3132 V.
2265 3067 2325 3131 S.
2367 3066 2419 3128 si
2465 3066 2617 3130 fussi
2666 3072 2913 3130 trovato
2956 3086 2996 3128 a
3027 3062 3237 3150 quella
3349 3138 3352 3141 ⁴

573 3180 770 3256 corte,
841 3173 1139 3239 accioche
1211 3197 1330 3239 con
1404 3175 1691 3259 maggior
1764 3171 2003 3239 facilit&
2078 3180 2142 3237 et
2199 3181 2524 3259 prestezza
2582 3174 2633 3236 si
2691 3170 2955 3236 havesse
3012 3178 3234 3257 potuto

573 3280 933 3345 rimandare
978 3280 1023 3344 il
1069 3279 1240 3345 detto
1286 3280 1494 3345 Pedro
1542 3303 1660 3345 con
1705 3279 1748 3344 il
1796 3281 2035 3366 riporto
2082 3278 2198 3344 che
2244 3279 2403 3344 hora
2447 3280 2662 3362 viene,
2719 3278 2950 3365 perche
2996 3281 3234 3361 invem,

483 3397 556 3451 25
574 3389 787 3472 sig-nor
831 3390 989 3472 mio,
1053 3411 1092 3451 a
1136 3410 1238 3452 me
1292 3410 1419 3452 non
1467 3387 1548 3452 ha
1594 3368 1743 3453 dato
1790 3409 1953 3473 poca
2008 3410 2173 3474 pena
2233 3386 2349 3451 che
2394 3386 2474 3451 de
2519 3385 2583 3450 lb.
2626 3409 2750 3450 non
2799 3386 2850 3448 si
2898 3386 2993 3448 sia
3036 3387 3235 3448 inteso

575 3536 734 3543 ———-

717 3621 757 3690 ¹)
806 3621 920 3690 1791.
958 3627 1136 3675 umen
1170 3636 1256 3675 nr.
1294 3622 1411 3674 107.

715 3711 757 3780 ²)
795 3710 906 3765 Die
950 3699 1222 3778 Uberyabe
1268 3709 1515 3764 Utrechts
1551 3727 1628 3764 an
1665 3709 1771 3764 den
1806 3708 2013 3764 Kaiser
2058 3708 2181 3764 und
2216 3709 2364 3765 scine
2391 3708 2828 3778 Einverleibuny
2876 3709 2941 3762 in
2976 3707 3235 3762 Brabant

570 3802 608 3856 i.
646 3801 698 3855 J.
735 3804 879 3855 1528
913 3816 1035 3855 war
1070 3800 1188 3853 eine
1225 3799 1395 3868 Fozqe
1440 3800 1538 3853 der
1573 3799 1985 3868 Streitiykeiten
2030 3799 2272 3854 Utrechts
2307 3799 2410 3853 mit
2447 3799 2568 3852 dem
2603 3797 2844 3863 Bischof
2870 3795 3236 3865 Psalzyrafm

571 3891 845 3945 Heinrich
893 3891 1020 3956 (seit
1072 3892 1269 3956 1524),
1306 3889 1529 3943 welcher-
1566 3890 1779 3944 letztere
1825 3889 2013 3942 seium
2049 3888 2325 3943 Rieckhalt
2373 3905 2452 3941 an
2490 3887 2638 3942 Karl
2696 3886 2748 3940 V
2775 3887 2943 3941 hatte.
3018 3885 3233 3952 Henna,

481 3979 552 4032 30
572 3981 823 4036 Histoire
859 3980 939 4034 du
974 3979 1137 4050 reque
1174 3979 1241 4032 de
1278 3977 1709 4047 Charus-Quint
1747 3995 1815 4032 en
1849 3979 2117 4048 Belyique
2152 3977 2255 4045 IV,
2292 3977 2348 4032 S.
2386 3979 2563 4045 17617.
2615 3980 2739 4031 190.
2777 3979 2898 4029 199.

717 4069 758 4138 ⁸)
807 4069 1186 4140 Vorlieqendes
1214 4068 1503 4124 Schreiben
1533 4074 1646 4122 έναι
1680 4069 1821 4123 wohl
1847 4086 1924 4120 cm
1959 4068 2050 4122 die
2085 4065 2245 4121 Stelle
2271 4067 2416 4121 eines
2445 4066 2704 4133 anderen,
2741 4066 2909 4120 sehon
2943 4082 3034 4118 am
3063 4067 3098 4116 9
3123 4063 3235 4117 De-

569 4160 773 4214 zember
808 4159 1178 4229 aufyesetzten
1208 4157 1456 4225 Bm‘efes„
1475 4175 1586 4212 ron
1621 4158 1745 4212 dem
1781 4158 1884 4212 clas
1909 4157 2161 4226 Konzept
2198 4156 2313 4210 sich
2349 4155 2607 4221 ebenfaZLs
2642 4157 2708 4208 in
2734 4156 2945 4208 Par-ma
2984 4153 3231 4221 befindet.

571 4248 818 4303 Fui-nese
848 4249 998 4318 yiebt
1033 4249 1182 4303 seim
1217 4246 1440 4302 Fraude
1474 4249 1609 4302 iiber
1638 4247 1968 4302 Granvellas
1996 4245 2288 4301 Schreiben
2324 4262 2445 4299 vom
2481 4248 2548 4297 31
2578 4244 2806 4298 Oktober
2840 4261 2909 4298 zu
2945 4244 3233 4310 erkennen,

570 4354 678 4392 aus
695 4338 816 4392 dem
842 4354 900 4391 er
928 4338 1115 4392 dassen
1137 4339 1396 4406 qamtiye
1428 4337 1753 4406 Gesinmmq
1781 4336 2013 4390 ersehen.
2082 4335 2246 4389 Auch
2274 4333 2452 4388 dankt
2479 4333 2577 4387 der
2601 4332 2895 4387 Kardinal
2918 4333 3018 4399 fair
3049 4332 3234 4386 Gran-

481 4427 554 4481 35
571 4429 739 4482 vella-s
775 4423 1062 4481 humanitb.
1101 4443 1254 4480 verso
1291 4426 1310 4479 i
1347 4426 1518 4480 nostri
1557 4426 1753 4493 nuntii,
1790 4425 1991 4479 bezieht
2027 4425 2141 4478 sich
2191 4424 2320 4478 aber
2353 4424 2430 4476 im
2463 4422 2692 4490 abriyen
2728 4422 2844 4487 auf
2883 4422 2985 4476 das
3033 4421 3137 4475 che
3187 4420 3231 4474 si

572 4518 748 4571 scrive
787 4517 1139 4587 lungamenoe
1175 4515 1270 4569 alli
1306 4515 1503 4576 nuntii,
1550 4523 1607 4568 et
1641 4514 1696 4567 al
1733 4513 1941 4583 riporto
1991 4512 2078 4567 del
2124 4513 2311 4583 sigum·
2348 4511 2651 4582 Mai-quina.
2741 4511 2903 4566 Wdre
2951 4511 3036 4564 bei
3072 4509 3234 4564 Mar-

570 4607 775 4674 quinas
802 4605 1177 4674 Abfertiyuny
1215 4620 1334 4658 vom
1360 4601 1692 4667 Kaiserhofe
1722 4602 2025 4656 (ib‘anvella
2061 4602 2189 4656 dort
2213 4617 2464 4671 yewesem
2500 4617 2559 4655 so
2595 4601 2748 4654 hcine
2775 4605 2999 4654 ersterm·
3032 4599 3234 4654 sicher-

572 4695 684 4748 lien
719 4701 935 4765 portate
970 4695 1111 4748 altre
1156 4693 1472 4747 resolutioni
1512 4692 1615 4746 che
1651 4707 1720 4745 ne
1755 4691 1894 4760 fece,
1935 4692 2135 4762 lequsli
2173 4687 2305 4761 pero
2352 4691 2406 4744 io
2445 4708 2549 4744 non
2586 4690 2659 4744 ho
2708 4697 2960 4744 manento
3009 4688 3063 4742 di
3109 4706 3232 4758 por-

570 4783 723 4855 gerle
761 4783 814 4836 in
854 4784 1013 4837 modo
1049 4800 1084 4837 a
1120 4782 1233 4837 Sua
1269 4778 1488 4837 Santith
1525 4781 1626 4835 che
1663 4782 1736 4834 mi
1777 4797 1878 4851 par
1913 4780 2168 4835 d’havere
2216 4780 2491 4834 satissatto
2528 4780 2584 4833 in
2622 4778 2766 4832 bona
2801 4786 2958 4849 parte
3003 4778 3055 4832 al
3092 4778 3233 4833 desi·

480 4873 721 4929 40derio
756 4872 811 4925 di
850 4871 964 4926 Sua
999 4868 1234 4926 Sentit-h.
