3859 5575
441 663 579 716 1545

411 732 548 786 Nov.
581 737 610 786 1

466 803 550 872 (4)

400 883 544 939 Nov.
574 889 609 939 4

645 459 755 524 wo
1510 467 1609 523 No.
1646 469 1745 525 82:
1784 467 1924 522 1545
1960 466 2250 523 November
2287 432 2314 523 1
2354 469 2447 537 (4).

648 659 709 725 31
772 659 1096 725 marchese
1156 659 1437 728 Alberto.
1529 686 1595 728 se
1664 664 1991 728 intendero
2058 664 2248 749 altro,
2318 688 2397 731 ne
2464 664 2866 752 raguagliaro
2926 667 3002 732 V.
3050 665 3113 731 S.
3158 663 3308 730 lum·

646 777 711 834 et
757 768 896 832 ΒΜ.

823 874 895 940 Ιο
942 873 1023 941 110
1078 876 1459 942 intertenuto
1504 876 1790 942 Mattiolo
1849 902 2060 945 correr
2104 879 2208 944 fin'
2271 880 2354 945 ad
2413 880 2557 966 110ςί
2618 889 2657 946 4
2718 879 2784 945 di
2843 878 3190 945 novembre
3246 880 3308 944 13

644 985 887 1046 matina
918 984 1000 1067 ¹),
1061 984 1374 1069 sperando
1434 1007 1679 1070 sempre
1749 985 2101 1051 d’intender
2159 1009 2322 1051 nove
2381 988 2492 1074 piu
2552 995 2719 1052 certe
2785 986 2866 1052 de
2924 988 2981 1052 le
3041 1010 3184 1053 cose
3241 988 3307 1052 di

646 1087 1025 1173 Bronsvich,
1085 1113 1192 1155 ma
1249 1092 1343 1155 sin
1403 1091 1624 1156 adesso
1670 1116 1795 1157 non
1853 1093 1889 1157 ὸ
1937 1095 2063 1158 11131
2110 1095 2213 1180 poi
2260 1117 2588 1180 comparso
2634 1093 2827 1178 altr0,
2883 1093 2972 1158 dil
3017 1093 3132 1159 che
3178 1117 3302 1159 non
3358 1102 3393 1155 5

646 1197 696 1260 si
744 1219 1032 1282 possemo
1079 1199 1242 1262 assai
1291 1198 1751 1284 maravigliare.
1843 1200 1971 1265 Dio
2019 1199 2260 1266 volesse
2304 1200 2421 1266 che
2467 1202 2809 1287 seguitasse
2868 1200 3135 1289 qualche
3194 1203 3306 1266 mi-

642 1303 805 1390 glior
848 1328 1033 1370 nova.
1311 1301 1319 1309 ’

823 1412 992 1499 Hogi
1039 1412 1120 1478 ho
1165 1412 1405 1479 havuto
1451 1413 1671 1480 lettere
1716 1438 1839 1502 pur
1884 1415 1950 1480 di
1995 1415 2307 1502 Augusta,
2354 1415 2470 1481 che
2514 1415 2559 1480 il
2605 1416 2775 1481 duca
2819 1416 2885 1481 di
2933 1413 3307 1503 Bronsvych

643 1542 771 1584 non
803 1521 855 1584 si
887 1521 922 1584 ὸ
952 1543 1110 1603 reso,
1156 1542 1264 1586 ma
1294 1521 1409 1586 che
1439 1522 1482 1586 li
1517 1524 1605 1586 soi
1653 1521 1878 1588 soldati
1924 1523 2175 1588 l’hanno
2221 1523 2370 1589 dato
2415 1525 2480 1588 in
2529 1547 2675 1589 man
2723 1522 2784 1589 al
2816 1522 3162 1609 langravio.
3254 1525 3308 1588 si

643 1626 783 1692 dice
806 1625 1109 1693 ⁴anchora
1168 1627 1283 1693 che
1342 1627 1673 1715 langravio
1733 1628 1816 1694 113
1876 1631 2052 1695 datto
2097 1653 2281 1717 passo
2338 1630 2536 1696 libero
2594 1655 2784 1696 senza
2841 1630 3035 1695 offesa
3079 1629 3306 1694 alcuna
3326 1636 3394 1689 10

641 1732 749 1797 alli
797 1732 1022 1799 soldati
1069 1735 1134 1799 di
1181 1734 1555 1823 Bronsvych
1605 1760 1725 1802 con
1772 1737 2297 1803 comandamento
2358 1737 2472 1802 che
2517 1761 2874 1824 passassero
2929 1736 3223 1803 sbandati
3269 1760 3304 1800 e

642 1863 830 1905 senza
874 1842 973 1905 far
1019 1842 1232 1907 danno
1277 1841 1337 1908 al
1370 1866 1587 1930 paese3
1635 1867 1740 1910 ma
1786 1844 1900 1909 (3113
1940 1843 2408 1910 lontanamente
2455 1846 2573 1910 doe
2617 1844 2798 1930 leghe
2844 1845 2927 1910 da
2973 1843 3303 1931 langravio

642 1946 808 2013 hano
857 1949 1071 2014 voluto
1118 1948 1447 2037 sachegiar
1504 1975 1634 2016 una
1692 1960 1858 2016 terra
1918 1951 2238 2017 chiamata
2282 1952 2745 2018 Germerstrein
2774 1954 2854 2037 ²),
2915 1975 3027 2038 per
3085 1951 3306 2016 diffesa

643 2056 709 2120 di
757 2053 819 2120 la
864 2055 1011 2142 qual
1055 2056 1100 2121 il
1145 2057 1475 2143 langravio
1523 2058 1712 2123 havia
1770 2059 2072 2124 mandato
2133 2059 2338 2124 dretto
2398 2069 2458 2124 et
2504 2068 2828 2124 amazzato
2889 2058 2973 2122 fin
3036 2081 3076 2122 a
3120 2066 3302 2123 cento

641 2161 846 2228 cavali
893 2187 928 2228 e
975 2163 1147 2230 molti
1196 2166 1500 2231 fantacini
1545 2189 1580 2231 e
1626 2168 1845 2253 fugato
1892 2168 1935 2231 il
1982 2175 2146 2231 resto
2177 2168 2744 2253 vituperosamente
2795 2166 2932 2230 fuor
2977 2166 3063 2230 dil
3094 2188 3299 2253 paese.
3325 2170 3393 2224 15

640 2268 1032 2355 similmente,
1080 2275 1367 2338 scriveno
1414 2273 1792 2360 d’Augusta,
1841 2273 1922 2338 ha
1970 2276 2128 2339 fatto
2193 2274 2291 2339 far
2334 2276 2551 2359 giurar
2610 2273 2674 2338 di
2720 2297 2886 2338 novo
2945 2274 2988 2338 li
3048 2275 3140 2338 soi
3186 2271 3301 2337 sol-

641 2377 773 2442 dati
821 2401 855 2443 e
901 2378 985 2443 ha
1031 2378 1375 2446 deliberato
1421 2381 1485 2446 di
1535 2404 1658 2445 non
1706 2382 1950 2467 riposar
1994 2381 2098 2444 fin'
2148 2404 2187 2444 a
2232 2388 2406 2446 tanto
2454 2381 2568 2445 che
2613 2382 2705 2445 sia
2750 2379 3110 2445 totalmente
3153 2382 3300 2445 assi·

639 2493 859 2550 curato
906 2486 986 2550 de
1032 2490 1173 2553 tutti
1222 2490 1367 2575 quei
1426 2487 1541 2553 che
1588 2489 1647 2552 lo
1694 2495 1962 2574 petrano
2018 2487 2317 2552 offender.
2409 2510 2512 2552 ma
2557 2493 2773 2574 queste
2833 2510 2976 2553 cose
3035 2510 3161 2552 non
3221 2485 3300 2550 ho

639 2593 695 2656 si
738 2616 864 2657 non
912 2594 995 2659 da
1041 2593 1335 2682 Augusta
1381 2618 1416 2660 3
1462 2619 1590 2660 11011
1639 2597 1770 2659 scio
1819 2594 1936 2660 0113
1984 2594 2292 2660 credermi
2320 2593 2390 2684 ³).

784 2808 822 2877 ¹)
868 2810 1040 2865 Unter
1076 2811 1277 2866 diesem
1312 2811 1528 2865 Datum
1562 2811 1769 2868 schrieb
1806 2810 1906 2864 der
1941 2811 2233 2865 Kardinal
2267 2812 2410 2865 auch
2447 2827 2524 2864 an
2560 2810 2649 2864 die
2686 2810 3157 2878 Konzilsleyaten,
3205 2826 3300 2862 um
3318 2805 3391 2858 20

636 2899 803 2953 ihnen
840 2899 933 2953 die
969 2899 1344 2956 Naehrichten
1392 2917 1497 2955 von
1546 2900 1665 2954 dem
1702 2900 2195 2968 Braunschweiyer
2230 2899 2477 2968 Feldeuy
2525 2899 2876 2953 mitzuteilen.
2947 2898 3099 2951 Mon.
3141 2897 3296 2951 Tria.

634 3004 720 3041 nr.
757 2991 906 3052 ,2273-
941 2990 1045 3059 091.
1081 2990 1401 3044 Massarelli
1437 2990 1495 3043 S.
1533 2993 1635 3043 157
1670 2991 1818 3055 (zum
1855 2993 1891 3043 6
1926 2989 2268 3056 November).

781 3077 820 3145 ²)
858 3078 933 3131 D.
972 3078 1009 3131 i.
1051 3078 1479 3133 Gaudersheim:
1514 3075 1716 3146 Iflleib,
1754 3080 1971 3147 Herzoy
2009 3079 2215 3133 Merite
2251 3078 2304 3131 S.
2344 3081 2460 3130 134.

778 3166 819 3236 ⁸)
864 3168 995 3222 Vom
1032 3171 1065 3221 5
1106 3168 1406 3222 November
1442 3167 1619 3221 haben
1655 3169 1773 3236 wir,
1812 3184 1919 3221 aus
1956 3169 2155 3222 Maiae
2194 3168 2418 3233 datiert‚
2456 3166 2616 3219 einen
2651 3166 2879 3219 Bericht
2918 3164 3009 3219 des
3036 3163 3299 3230 Bischofs

646 3256 908 3311 Valent-in
937 3275 1039 3312 von
1067 3257 1419 3324 Hildesheim‚
1455 3257 1723 3324 yet-iamet
1758 3273 1838 3310 απ
1873 3257 1981 3311 den
2008 3255 2250 3320 Bischof
2269 3256 2500 3323 Philipp
2527 3269 2633 3308 von
2669 3255 2854 3323 Boryo
2879 3253 3001 3308 Sem
3026 3254 3297 3321 Sepulcro,
3316 3251 3394 3304 25

638 3348 1034 3404 Generalvikar
1081 3347 1203 3400 und
1251 3347 1681 3414 Hausprdlaten
1730 3345 1823 3399 des
1872 3345 2117 3413 Papstee.
2192 3345 2338 3399 Hier
2384 3344 2529 3398 wird
2575 3344 2719 3397 auch
2768 3343 2858 3396 die
2892 3342 3299 3410 Auskdssiykeit

634 3438 732 3492 der
771 3438 1034 3504 Truppen
1068 3435 1373 3489 Heinrichs
1420 3434 1591 3488 wider
1638 3434 1739 3486 ihu
1786 3433 1872 3487 als
1908 3433 2346 3502 Hauptursaehe
2395 3432 2488 3486 des
2533 3433 2847 3487 schlimmen
2883 3433 3179 3501 Aueyanys
3216 3432 3296 3485 be·

630 3527 886 3582 zeichnet.
962 3524 1136 3579 Fama
1170 3530 1286 3590 est,
1337 3519 1494 3590 hevsst
1545 3539 1599 3576 03
1633 3522 1833 3588 weiter,
1880 3521 2258 3592 landgravium
2309 3522 2614 3592 repperisse
2665 3521 2850 3575 literas
2900 3525 2957 3574 ct
2994 3519 3298 3589 scripturas

632 3622 808 3669 totum
846 3620 1175 3684 apparatum
1214 3609 1474 3664 bellicum
1524 3609 1681 3663 ducis
1732 3609 1956 3664 Henrici
2006 3610 2060 3663 in
2114 3627 2172 3664 se
2210 3611 2581 3678 continentes,
2634 3626 2743 3680 quo
2785 3609 2964 3663 animo
3002 3615 3059 3662 et
3094 3607 3298 3678 quibus

630 3704 893 3774 auspiciis
931 3701 1134 3756 bellum
1173 3716 1273 3770 per
1306 3700 1488 3769 ipsum
1527 3705 1749 3768 ceptum
1788 3699 1860 3753 sit
1894 3706 1953 3752 et
1989 3700 2122 3770 quid
2153 3698 2494 3766 moliebatur,
2531 3707 2588 3752 et
2624 3705 2743 3752 tota
2779 3714 2866 3751 res
2902 3697 2973 3750 ad
3010 3697 3294 3767 negotium
3313 3697 3389 3750 30

633 3792 914 3862 religionis
963 3790 1219 3844 trahitur.
1293 3805 1365 3842 an
1414 3803 1501 3840 res
1549 3788 1629 3841 ita
1675 3787 1749 3840 sit
1799 3804 1898 3840 scu
1947 3804 2044 3856 per
2096 3787 2477 3857 landgravium
2515 3788 2595 3840 ita
2630 3785 2901 3858 fingatur,
2951 3785 3118 3840 nichil
3158 3785 3296 3839 certi

630 3881 825 3936 habeo.
902 3877 1073 3934 Sanmi
1110 3876 1336 3931 Domini
1376 3875 1561 3930 Nostri
1611 3877 1777 3930 ctiam
1828 3877 1883 3930 in
1936 3892 2002 3929 ea
2049 3893 2107 3930 re
2144 3874 2210 3931 fit
2255 3877 2473 3941 menti0,
2526 3875 2682 3945 quasi
2733 3875 2861 3929 duci
2907 3873 3296 3929 Brunsvicensi

631 3969 916 4041 suppetias
967 3967 1157 4022 tulerit
1207 3972 1264 4020 et
1303 3964 1544 4019 favorem
1582 3965 1938 4035 praestiterit.
2013 3966 2082 4019 de
2118 3965 2389 4021 Caesarea
2424 3963 2714 4034 Majeetate
2765 3963 2916 4017 nulla
2961 3960 3028 4016 fit
3076 3963 3297 4029 menti0,

630 4059 698 4112 de
735 4075 847 4130 qua
884 4063 1101 4110 tantum
1138 4062 1226 4109 est
1262 4053 1539 4107 silentium
1588 4067 1656 4107 ac
1705 4053 1751 4106 si
1790 4054 1846 4106 in
1883 4052 2183 4108 Germania
2218 4052 2482 4122 Majestas
2520 4051 2632 4106 Sua
2668 4067 2928 4122 praesens
2977 4067 3083 4105 non
3133 4058 3295 4105 esset.

630 4148 748 4201 Der
785 4143 1098 4212 Landgraf
1137 4143 1217 4197 sei
1254 4142 1390 4209 jetet
1433 4141 1760 4211 beschc‘iseiyt
1774 4183 1789 4209 ,
1841 4142 1931 4196 die
1969 4143 2454 4210 Bundesyenossen
2503 4141 2623 4195 und
2659 4140 2857 4206 Helfer
2893 4141 3192 4194 Heinrichs
3225 4157 3297 4194 zu
3315 4140 3390 4194 35

629 4234 947 4303 zachtiyem
997 4232 1134 4285 (10011
1172 4231 1348 4284 werde
1384 4232 1472 4284 die
1507 4231 1811 4285 Jahreszeit
1849 4231 2042 4285 keinen
2081 4231 2283 4299 langen
2317 4230 2564 4299 Feldzuq
2600 4230 2749 4284 mehr
2779 4235 3077 4298 qestatten,
3127 4228 3295 4283 nach·

631 4324 752 4377 dem
790 4340 842 4378 es
878 4322 1058 4376 bisher
1092 4336 1152 4374 so
1189 4317 1354 4373 milda
1387 4335 1641 4388 yewesen,
1682 4316 1803 4387 dafl
1840 4320 1939 4374 der
1974 4320 2214 4373 Himmel
2247 4319 2404 4373 selbst
2441 4319 2547 4372 den
2583 4316 2953 4387 Landyrasen
2989 4335 3061 4371 zu
3096 4318 3294 4387 013ρᾶ31-

631 4413 809 4480 stiqen
844 4409 1044 4464 schim.
1110 4424 1301 4462 vereor
1337 4407 1570 4461 multum
1608 4408 1675 4461 de
1712 4413 1863 4461 statu
1906 4407 2406 4462 ecclesiasticorum
2442 4407 2512 4462 ad
2549 4407 2797 4462 futurum
2836 4423 2954 4474 ver,
3001 4406 3106 4460 nisi
3141 4406 3294 4460 aliud

630 4497 950 4553 intercedet.
1027 4496 1330 4564 Heinrich,
1367 4496 1492 4566 [ἀρε
1528 4513 1698 4550 unser
1734 4493 2221 4551 Berichterstatter
2257 4495 2450 4564 keneu,
2492 4496 2668 4550 werde
2704 4497 2843 4552 wohl
2877 4496 3023 4550 301·ηο
3057 4494 3294 4550 Lebens·

630 4588 733 4641 seit
768 4587 845 4639 im
872 4586 1082 4640 Kerker
1118 4582 1474 4654 beschlieflen,
1511 4584 1591 4639 da
1616 4585 1690 4653 ja
1727 4585 1826 4639 der
1858 4584 2078 4651 Kaiser,
2119 4585 2305 4639 dessen
2345 4584 2540 4639 Verbot
2576 4601 2634 4638 er
2669 4585 2969 4651 misachtet,
3005 4585 3159 4639 nicht
3190 4590 3297 4653 aut
3315 4583 3393 4639 40

630 4675 730 4741 far
764 4676 865 4729 Hm
901 4675 1165 4729 cintreten
1201 4674 1391 4729 kenne.
1475 4664 1739 4743 Ubwiyens
1772 4674 1927 4741 klayt
1963 4674 2107 4727 auch
2143 4689 2202 4726 er
2237 4673 2369 4726 iiber
2406 4672 2495 4726 die
2527 4669 2702 4742 qrosse
2738 4673 3156 4728 Heimlichkeit:
3202 4673 3295 4726 die

630 4764 1006 4832 Katastrophe
1040 4764 1119 4817 sei
1154 4779 1251 4816 vor
1275 4764 1426 4817 mehr
1453 4764 1538 4817 als
1565 4762 1821 4816 vierzelm
1846 4762 2035 4831 Tayen
2066 4761 2422 4829 einyetretem
2457 4778 2546 4813 res
2581 4768 2762 4815 tamen
2803 4761 3069 4815 hactenus
3107 4762 3296 4816 taliter

634 4859 719 4908 est
754 4868 946 4925 pressa
982 4859 1041 4908 et
1074 4859 1282 4911 secrete
1328 4851 1524 4909 habita
1571 4858 1633 4906 ut
1683 4867 1840 4905 nemo
1887 4850 2174 4906 veritatem
2223 4848 2428 4922 negotii
2480 4848 2682 4903 habere
2729 4849 2985 4918 potuerit.
3060 4851 3294 4921 Neapel,
